{
    "symbol": "ACOR",
    "annualReports": [
        {
            "fiscalDateEnding": "2022-12-31",
            "reportedCurrency": "USD",
            "grossProfit": "-10685000",
            "totalRevenue": "128054000",
            "costOfRevenue": "138739000",
            "costofGoodsAndServicesSold": "30332000",
            "operatingIncome": "-35340000",
            "sellingGeneralAndAdministrative": "106256000",
            "researchAndDevelopment": "5804000",
            "operatingExpenses": "114211000",
            "investmentIncomeNet": "1909000",
            "netInterestIncome": "-30200000",
            "interestIncome": "1909000",
            "interestExpense": "30200000",
            "nonInterestIncome": "145700000",
            "otherNonOperatingIncome": "1250000",
            "depreciation": "None",
            "depreciationAndAmortization": "1900000",
            "incomeBeforeTax": "-35247000",
            "incomeTaxExpense": "30669000",
            "interestAndDebtExpense": "3058000",
            "netIncomeFromContinuingOperations": "-65916000",
            "comprehensiveIncomeNetOfTax": "-64271000",
            "ebit": "-5047000",
            "ebitda": "-3147000",
            "netIncome": "-65916000"
        },
        {
            "fiscalDateEnding": "2021-12-31",
            "reportedCurrency": "USD",
            "grossProfit": "-19950000",
            "totalRevenue": "154136000",
            "costOfRevenue": "174086000",
            "costofGoodsAndServicesSold": "40787000",
            "operatingIncome": "-79038000",
            "sellingGeneralAndAdministrative": "124399000",
            "researchAndDevelopment": "10420000",
            "operatingExpenses": "143919000",
            "investmentIncomeNet": "5000",
            "netInterestIncome": "-30035000",
            "interestIncome": "5000",
            "interestExpense": "30035000",
            "nonInterestIncome": "184171000",
            "otherNonOperatingIncome": "-6000",
            "depreciation": "None",
            "depreciationAndAmortization": "2900000",
            "incomeBeforeTax": "-109074000",
            "incomeTaxExpense": "-5120000",
            "interestAndDebtExpense": "-25065000",
            "netIncomeFromContinuingOperations": "-103954000",
            "comprehensiveIncomeNetOfTax": "-102168000",
            "ebit": "-79039000",
            "ebitda": "-76139000",
            "netIncome": "-103954000"
        },
        {
            "fiscalDateEnding": "2020-12-31",
            "reportedCurrency": "USD",
            "grossProfit": "-23070000",
            "totalRevenue": "177693000",
            "costOfRevenue": "200763000",
            "costofGoodsAndServicesSold": "33513000",
            "operatingIncome": "-78076000",
            "sellingGeneralAndAdministrative": "152576000",
            "researchAndDevelopment": "23012000",
            "operatingExpenses": "190062000",
            "investmentIncomeNet": "816000",
            "netInterestIncome": "-30574000",
            "interestIncome": "816000",
            "interestExpense": "30574000",
            "nonInterestIncome": "208267000",
            "otherNonOperatingIncome": "167000",
            "depreciation": "None",
            "depreciationAndAmortization": "10200000",
            "incomeBeforeTax": "-107673000",
            "incomeTaxExpense": "-8073000",
            "interestAndDebtExpense": "-24526000",
            "netIncomeFromContinuingOperations": "-99594000",
            "comprehensiveIncomeNetOfTax": "-101228000",
            "ebit": "-77099000",
            "ebitda": "-66899000",
            "netIncome": "-99600000"
        },
        {
            "fiscalDateEnding": "2019-12-31",
            "reportedCurrency": "USD",
            "grossProfit": "157559000",
            "totalRevenue": "225609000",
            "costOfRevenue": "518057000",
            "costofGoodsAndServicesSold": "34849000",
            "operatingIncome": "-311632000",
            "sellingGeneralAndAdministrative": "192846000",
            "researchAndDevelopment": "60083000",
            "operatingExpenses": "543291000",
            "investmentIncomeNet": "4170000",
            "netInterestIncome": "-21872000",
            "interestIncome": "4170000",
            "interestExpense": "21872000",
            "nonInterestIncome": "247481000",
            "otherNonOperatingIncome": "13000",
            "depreciation": "None",
            "depreciationAndAmortization": "8400000",
            "incomeBeforeTax": "-274282000",
            "incomeTaxExpense": "-1282000",
            "interestAndDebtExpense": "-33201000",
            "netIncomeFromContinuingOperations": "-272966000",
            "comprehensiveIncomeNetOfTax": "-276941000",
            "ebit": "-252410000",
            "ebitda": "-244010000",
            "netIncome": "-273000000"
        },
        {
            "fiscalDateEnding": "2018-12-31",
            "reportedCurrency": "USD",
            "grossProfit": "372124000",
            "totalRevenue": "449836000",
            "costOfRevenue": "281880000",
            "costofGoodsAndServicesSold": "97640000",
            "operatingIncome": "38486000",
            "sellingGeneralAndAdministrative": "172254000",
            "researchAndDevelopment": "106383000",
            "operatingExpenses": "288953000",
            "investmentIncomeNet": "3518000",
            "netInterestIncome": "-21597000",
            "interestIncome": "3518000",
            "interestExpense": "21597000",
            "nonInterestIncome": "471433000",
            "otherNonOperatingIncome": "16000",
            "depreciation": "None",
            "depreciationAndAmortization": "9000000",
            "incomeBeforeTax": "20423000",
            "incomeTaxExpense": "-13259000",
            "interestAndDebtExpense": "21597000",
            "netIncomeFromContinuingOperations": "33682000",
            "comprehensiveIncomeNetOfTax": "29630000",
            "ebit": "42020000",
            "ebitda": "51020000",
            "netIncome": "33682000"
        }
    ],
    "quarterlyReports": [
        {
            "fiscalDateEnding": "2023-03-31",
            "reportedCurrency": "USD",
            "grossProfit": "8348000",
            "totalRevenue": "41787000",
            "costOfRevenue": "33439000",
            "costofGoodsAndServicesSold": "3234000",
            "operatingIncome": "-11476000",
            "sellingGeneralAndAdministrative": "22514000",
            "researchAndDevelopment": "1386000",
            "operatingExpenses": "31591000",
            "investmentIncomeNet": "93000",
            "netInterestIncome": "-7571000",
            "interestIncome": "93000",
            "interestExpense": "7571000",
            "nonInterestIncome": "49358000",
            "otherNonOperatingIncome": "92000",
            "depreciation": "None",
            "depreciationAndAmortization": "7691000",
            "incomeBeforeTax": "-18862000",
            "incomeTaxExpense": "-2038000",
            "interestAndDebtExpense": "-19529000",
            "netIncomeFromContinuingOperations": "-16824000",
            "comprehensiveIncomeNetOfTax": "-16733000",
            "ebit": "-11291000",
            "ebitda": "-3600000",
            "netIncome": "-16824000"
        },
        {
            "fiscalDateEnding": "2022-12-31",
            "reportedCurrency": "USD",
            "grossProfit": "53868000",
            "totalRevenue": "63460000",
            "costOfRevenue": "9592000",
            "costofGoodsAndServicesSold": "4560000",
            "operatingIncome": "267000",
            "sellingGeneralAndAdministrative": "26254000",
            "researchAndDevelopment": "1202000",
            "operatingExpenses": "6234000",
            "investmentIncomeNet": "1871000",
            "netInterestIncome": "-7699000",
            "interestIncome": "1871000",
            "interestExpense": "7699000",
            "nonInterestIncome": "58605000",
            "otherNonOperatingIncome": "0",
            "depreciation": "None",
            "depreciationAndAmortization": "-21173000",
            "incomeBeforeTax": "21611000",
            "incomeTaxExpense": "2469000",
            "interestAndDebtExpense": "-19443000",
            "netIncomeFromContinuingOperations": "19105000",
            "comprehensiveIncomeNetOfTax": "17680000",
            "ebit": "29310000",
            "ebitda": "8137000",
            "netIncome": "19142000"
        },
        {
            "fiscalDateEnding": "2022-09-30",
            "reportedCurrency": "USD",
            "grossProfit": "-15648000",
            "totalRevenue": "26045000",
            "costOfRevenue": "41693000",
            "costofGoodsAndServicesSold": "11005000",
            "operatingIncome": "-4989000",
            "sellingGeneralAndAdministrative": "22997000",
            "researchAndDevelopment": "1383000",
            "operatingExpenses": "32071000",
            "investmentIncomeNet": "17000",
            "netInterestIncome": "-7465000",
            "interestIncome": "17000",
            "interestExpense": "7465000",
            "nonInterestIncome": "33510000",
            "otherNonOperatingIncome": "0",
            "depreciation": "None",
            "depreciationAndAmortization": "7691000",
            "incomeBeforeTax": "-12438000",
            "incomeTaxExpense": "1416000",
            "interestAndDebtExpense": "7465000",
            "netIncomeFromContinuingOperations": "-13854000",
            "comprehensiveIncomeNetOfTax": "-12502000",
            "ebit": "-4973000",
            "ebitda": "2718000",
            "netIncome": "-13854000"
        },
        {
            "fiscalDateEnding": "2022-06-30",
            "reportedCurrency": "USD",
            "grossProfit": "-23006000",
            "totalRevenue": "23577000",
            "costOfRevenue": "46583000",
            "costofGoodsAndServicesSold": "8800000",
            "operatingIncome": "-13915000",
            "sellingGeneralAndAdministrative": "30067000",
            "researchAndDevelopment": "1525000",
            "operatingExpenses": "39308000",
            "investmentIncomeNet": "20000",
            "netInterestIncome": "-7474000",
            "interestIncome": "20000",
            "interestExpense": "7474000",
            "nonInterestIncome": "31051000",
            "otherNonOperatingIncome": "1250000",
            "depreciation": "None",
            "depreciationAndAmortization": "7691000",
            "incomeBeforeTax": "-20119000",
            "incomeTaxExpense": "26563000",
            "interestAndDebtExpense": "7474000",
            "netIncomeFromContinuingOperations": "-46682000",
            "comprehensiveIncomeNetOfTax": "-45376000",
            "ebit": "-12645000",
            "ebitda": "-4954000",
            "netIncome": "-46682000"
        },
        {
            "fiscalDateEnding": "2022-03-31",
            "reportedCurrency": "USD",
            "grossProfit": "-25824000",
            "totalRevenue": "14972000",
            "costOfRevenue": "40796000",
            "costofGoodsAndServicesSold": "5967000",
            "operatingIncome": "-16703000",
            "sellingGeneralAndAdministrative": "26938000",
            "researchAndDevelopment": "1694000",
            "operatingExpenses": "36523000",
            "investmentIncomeNet": "1000",
            "netInterestIncome": "-7562000",
            "interestIncome": "1000",
            "interestExpense": "7562000",
            "nonInterestIncome": "22534000",
            "otherNonOperatingIncome": "0",
            "depreciation": "None",
            "depreciationAndAmortization": "7691000",
            "incomeBeforeTax": "-24264000",
            "incomeTaxExpense": "258000",
            "interestAndDebtExpense": "7562000",
            "netIncomeFromContinuingOperations": "-24522000",
            "comprehensiveIncomeNetOfTax": "-24073000",
            "ebit": "-16702000",
            "ebitda": "-9011000",
            "netIncome": "-24522000"
        },
        {
            "fiscalDateEnding": "2021-12-31",
            "reportedCurrency": "USD",
            "grossProfit": "70868000",
            "totalRevenue": "84733000",
            "costOfRevenue": "13865000",
            "costofGoodsAndServicesSold": "4198000",
            "operatingIncome": "-11559000",
            "sellingGeneralAndAdministrative": "28440000",
            "researchAndDevelopment": "1366000",
            "operatingExpenses": "11233000",
            "investmentIncomeNet": "1000",
            "netInterestIncome": "-7338000",
            "interestIncome": "1000",
            "interestExpense": "7338000",
            "nonInterestIncome": "92071000",
            "otherNonOperatingIncome": "-7000",
            "depreciation": "None",
            "depreciationAndAmortization": "-20173000",
            "incomeBeforeTax": "-18887000",
            "incomeTaxExpense": "1680000",
            "interestAndDebtExpense": "-47762000",
            "netIncomeFromContinuingOperations": "-20567000",
            "comprehensiveIncomeNetOfTax": "-20027000",
            "ebit": "-11549000",
            "ebitda": "-31722000",
            "netIncome": "-20567000"
        },
        {
            "fiscalDateEnding": "2021-09-30",
            "reportedCurrency": "USD",
            "grossProfit": "-28761000",
            "totalRevenue": "24288000",
            "costOfRevenue": "53049000",
            "costofGoodsAndServicesSold": "13303000",
            "operatingIncome": "-23009000",
            "sellingGeneralAndAdministrative": "29623000",
            "researchAndDevelopment": "1931000",
            "operatingExpenses": "41677000",
            "investmentIncomeNet": "1000",
            "netInterestIncome": "-7167000",
            "interestIncome": "1000",
            "interestExpense": "7167000",
            "nonInterestIncome": "31455000",
            "otherNonOperatingIncome": "0",
            "depreciation": "None",
            "depreciationAndAmortization": "7691000",
            "incomeBeforeTax": "-30171000",
            "incomeTaxExpense": "-3100000",
            "interestAndDebtExpense": "7167000",
            "netIncomeFromContinuingOperations": "-27071000",
            "comprehensiveIncomeNetOfTax": "-26795000",
            "ebit": "-23004000",
            "ebitda": "-15313000",
            "netIncome": "-27071000"
        },
        {
            "fiscalDateEnding": "2021-06-30",
            "reportedCurrency": "USD",
            "grossProfit": "-27332000",
            "totalRevenue": "24078000",
            "costOfRevenue": "51410000",
            "costofGoodsAndServicesSold": "11324000",
            "operatingIncome": "-15689000",
            "sellingGeneralAndAdministrative": "32368000",
            "researchAndDevelopment": "2374000",
            "operatingExpenses": "42460000",
            "investmentIncomeNet": "1000",
            "netInterestIncome": "-7705000",
            "interestIncome": "1000",
            "interestExpense": "7705000",
            "nonInterestIncome": "31783000",
            "otherNonOperatingIncome": "0",
            "depreciation": "None",
            "depreciationAndAmortization": "7691000",
            "incomeBeforeTax": "-23395000",
            "incomeTaxExpense": "-531000",
            "interestAndDebtExpense": "7705000",
            "netIncomeFromContinuingOperations": "-22864000",
            "comprehensiveIncomeNetOfTax": "-22963000",
            "ebit": "-15690000",
            "ebitda": "-7999000",
            "netIncome": "-22864000"
        },
        {
            "fiscalDateEnding": "2021-03-31",
            "reportedCurrency": "USD",
            "grossProfit": "-34684000",
            "totalRevenue": "21036000",
            "costOfRevenue": "55720000",
            "costofGoodsAndServicesSold": "11961000",
            "operatingIncome": "-28781000",
            "sellingGeneralAndAdministrative": "33968000",
            "researchAndDevelopment": "4749000",
            "operatingExpenses": "48508000",
            "investmentIncomeNet": "3000",
            "netInterestIncome": "-7825000",
            "interestIncome": "3000",
            "interestExpense": "7825000",
            "nonInterestIncome": "28861000",
            "otherNonOperatingIncome": "1000",
            "depreciation": "None",
            "depreciationAndAmortization": "7691000",
            "incomeBeforeTax": "-36603000",
            "incomeTaxExpense": "-3152000",
            "interestAndDebtExpense": "7825000",
            "netIncomeFromContinuingOperations": "-33451000",
            "comprehensiveIncomeNetOfTax": "-32382000",
            "ebit": "-28778000",
            "ebitda": "-21087000",
            "netIncome": "-33451000"
        },
        {
            "fiscalDateEnding": "2020-12-31",
            "reportedCurrency": "USD",
            "grossProfit": "54315000",
            "totalRevenue": "85504000",
            "costOfRevenue": "31189000",
            "costofGoodsAndServicesSold": "10843000",
            "operatingIncome": "-78395000",
            "sellingGeneralAndAdministrative": "32876000",
            "researchAndDevelopment": "4323000",
            "operatingExpenses": "24669000",
            "investmentIncomeNet": "9000",
            "netInterestIncome": "-7764000",
            "interestIncome": "9000",
            "interestExpense": "7764000",
            "nonInterestIncome": "93268000",
            "otherNonOperatingIncome": "183000",
            "depreciation": "None",
            "depreciationAndAmortization": "-12873000",
            "incomeBeforeTax": "-86127000",
            "incomeTaxExpense": "-3073000",
            "interestAndDebtExpense": "-47336000",
            "netIncomeFromContinuingOperations": "-83048000",
            "comprehensiveIncomeNetOfTax": "-83565000",
            "ebit": "-78363000",
            "ebitda": "-91236000",
            "netIncome": "-83054000"
        },
        {
            "fiscalDateEnding": "2020-09-30",
            "reportedCurrency": "USD",
            "grossProfit": "-14267000",
            "totalRevenue": "45529000",
            "costOfRevenue": "59796000",
            "costofGoodsAndServicesSold": "12170000",
            "operatingIncome": "16037000",
            "sellingGeneralAndAdministrative": "39935000",
            "researchAndDevelopment": "5729000",
            "operatingExpenses": "53155000",
            "investmentIncomeNet": "317000",
            "netInterestIncome": "-7760000",
            "interestIncome": "317000",
            "interestExpense": "7760000",
            "nonInterestIncome": "53289000",
            "otherNonOperatingIncome": "19000",
            "depreciation": "None",
            "depreciationAndAmortization": "7691000",
            "incomeBeforeTax": "8812000",
            "incomeTaxExpense": "1465000",
            "interestAndDebtExpense": "7760000",
            "netIncomeFromContinuingOperations": "7312000",
            "comprehensiveIncomeNetOfTax": "6284000",
            "ebit": "16572000",
            "ebitda": "24263000",
            "netIncome": "7347000"
        },
        {
            "fiscalDateEnding": "2020-06-30",
            "reportedCurrency": "USD",
            "grossProfit": "-26873000",
            "totalRevenue": "26132000",
            "costOfRevenue": "53005000",
            "costofGoodsAndServicesSold": "6658000",
            "operatingIncome": "-9550000",
            "sellingGeneralAndAdministrative": "38656000",
            "researchAndDevelopment": "5255000",
            "operatingExpenses": "51602000",
            "investmentIncomeNet": "178000",
            "netInterestIncome": "-7484000",
            "interestIncome": "178000",
            "interestExpense": "7484000",
            "nonInterestIncome": "33616000",
            "otherNonOperatingIncome": "8000",
            "depreciation": "None",
            "depreciationAndAmortization": "7691000",
            "incomeBeforeTax": "-16850000",
            "incomeTaxExpense": "571000",
            "interestAndDebtExpense": "7484000",
            "netIncomeFromContinuingOperations": "-17421000",
            "comprehensiveIncomeNetOfTax": "-17825000",
            "ebit": "-9366000",
            "ebitda": "-1675000",
            "netIncome": "-17421000"
        },
        {
            "fiscalDateEnding": "2020-03-31",
            "reportedCurrency": "USD",
            "grossProfit": "-36245000",
            "totalRevenue": "20528000",
            "costOfRevenue": "56773000",
            "costofGoodsAndServicesSold": "3843000",
            "operatingIncome": "-6169000",
            "sellingGeneralAndAdministrative": "41108000",
            "researchAndDevelopment": "7705000",
            "operatingExpenses": "60635000",
            "investmentIncomeNet": "312000",
            "netInterestIncome": "-7566000",
            "interestIncome": "312000",
            "interestExpense": "7566000",
            "nonInterestIncome": "28094000",
            "otherNonOperatingIncome": "-42000",
            "depreciation": "None",
            "depreciationAndAmortization": "7691000",
            "incomeBeforeTax": "-13470000",
            "incomeTaxExpense": "-6998000",
            "interestAndDebtExpense": "7566000",
            "netIncomeFromContinuingOperations": "-6472000",
            "comprehensiveIncomeNetOfTax": "-6122000",
            "ebit": "-5904000",
            "ebitda": "1787000",
            "netIncome": "-6472000"
        },
        {
            "fiscalDateEnding": "2019-12-31",
            "reportedCurrency": "USD",
            "grossProfit": "41829000",
            "totalRevenue": "105596000",
            "costOfRevenue": "4400000",
            "costofGoodsAndServicesSold": "8666000",
            "operatingIncome": "14486000",
            "sellingGeneralAndAdministrative": "41224000",
            "researchAndDevelopment": "9023000",
            "operatingExpenses": "4400000",
            "investmentIncomeNet": "843000",
            "netInterestIncome": "-5570000",
            "interestIncome": "843000",
            "interestExpense": "5570000",
            "nonInterestIncome": "105596000",
            "otherNonOperatingIncome": "55946000",
            "depreciation": "None",
            "depreciationAndAmortization": "-9545000",
            "incomeBeforeTax": "64862000",
            "incomeTaxExpense": "-798000",
            "interestAndDebtExpense": "-55100000",
            "netIncomeFromContinuingOperations": "37429000",
            "comprehensiveIncomeNetOfTax": "65127000",
            "ebit": "70432000",
            "ebitda": "60887000",
            "netIncome": "65660000"
        },
        {
            "fiscalDateEnding": "2019-09-30",
            "reportedCurrency": "USD",
            "grossProfit": "39736000",
            "totalRevenue": "43221000",
            "costOfRevenue": "341941000",
            "costofGoodsAndServicesSold": "7986000",
            "operatingIncome": "-259350000",
            "sellingGeneralAndAdministrative": "48702000",
            "researchAndDevelopment": "16073000",
            "operatingExpenses": "350028000",
            "investmentIncomeNet": "333000",
            "netInterestIncome": "-4500000",
            "interestIncome": "333000",
            "interestExpense": "4500000",
            "nonInterestIncome": "47721000",
            "otherNonOperatingIncome": "332000",
            "depreciation": "None",
            "depreciationAndAmortization": "7692000",
            "incomeBeforeTax": "-263515000",
            "incomeTaxExpense": "20000",
            "interestAndDebtExpense": "4500000",
            "netIncomeFromContinuingOperations": "-263538000",
            "comprehensiveIncomeNetOfTax": "-266788000",
            "ebit": "-259015000",
            "ebitda": "-251323000",
            "netIncome": "-263535000"
        },
        {
            "fiscalDateEnding": "2019-06-30",
            "reportedCurrency": "USD",
            "grossProfit": "40656000",
            "totalRevenue": "44672000",
            "costOfRevenue": "67283000",
            "costofGoodsAndServicesSold": "9397000",
            "operatingIncome": "-23389000",
            "sellingGeneralAndAdministrative": "50195000",
            "researchAndDevelopment": "18959000",
            "operatingExpenses": "76845000",
            "investmentIncomeNet": "1498000",
            "netInterestIncome": "-5378000",
            "interestIncome": "1498000",
            "interestExpense": "5378000",
            "nonInterestIncome": "50050000",
            "otherNonOperatingIncome": "1495000",
            "depreciation": "None",
            "depreciationAndAmortization": "7691000",
            "incomeBeforeTax": "-27272000",
            "incomeTaxExpense": "214000",
            "interestAndDebtExpense": "5378000",
            "netIncomeFromContinuingOperations": "-27486000",
            "comprehensiveIncomeNetOfTax": "-26244000",
            "ebit": "-21894000",
            "ebitda": "-14203000",
            "netIncome": "-27486000"
        },
        {
            "fiscalDateEnding": "2019-03-31",
            "reportedCurrency": "USD",
            "grossProfit": "35338000",
            "totalRevenue": "37700000",
            "costOfRevenue": "64088000",
            "costofGoodsAndServicesSold": "8799000",
            "operatingIncome": "-43379000",
            "sellingGeneralAndAdministrative": "52725000",
            "researchAndDevelopment": "16028000",
            "operatingExpenses": "71317000",
            "investmentIncomeNet": "1496000",
            "netInterestIncome": "-6424000",
            "interestIncome": "4941000",
            "interestExpense": "6424000",
            "nonInterestIncome": "44124000",
            "otherNonOperatingIncome": "1483000",
            "depreciation": "None",
            "depreciationAndAmortization": "2564000",
            "incomeBeforeTax": "-48320000",
            "incomeTaxExpense": "-715000",
            "interestAndDebtExpense": "6424000",
            "netIncomeFromContinuingOperations": "-47605000",
            "comprehensiveIncomeNetOfTax": "-49036000",
            "ebit": "-41896000",
            "ebitda": "-39332000",
            "netIncome": "-47605000"
        },
        {
            "fiscalDateEnding": "2018-12-31",
            "reportedCurrency": "USD",
            "grossProfit": "47678000",
            "totalRevenue": "69152000",
            "costOfRevenue": "68611000",
            "costofGoodsAndServicesSold": "21476000",
            "operatingIncome": "-49301000",
            "sellingGeneralAndAdministrative": "36819000",
            "researchAndDevelopment": "27058000",
            "operatingExpenses": "74193000",
            "investmentIncomeNet": "1106000",
            "netInterestIncome": "-5271000",
            "interestIncome": "None",
            "interestExpense": "5271000",
            "nonInterestIncome": "69152000",
            "otherNonOperatingIncome": "-8000",
            "depreciation": "None",
            "depreciationAndAmortization": "7330000",
            "incomeBeforeTax": "-53464000",
            "incomeTaxExpense": "-63059000",
            "interestAndDebtExpense": "5271000",
            "netIncomeFromContinuingOperations": "47678000",
            "comprehensiveIncomeNetOfTax": "8288000",
            "ebit": "-48193000",
            "ebitda": "-40863000",
            "netIncome": "9595000"
        },
        {
            "fiscalDateEnding": "2018-09-30",
            "reportedCurrency": "USD",
            "grossProfit": "117423000",
            "totalRevenue": "137398000",
            "costOfRevenue": "68962000",
            "costofGoodsAndServicesSold": "25152000",
            "operatingIncome": "28297000",
            "sellingGeneralAndAdministrative": "43571000",
            "researchAndDevelopment": "22855000",
            "operatingExpenses": "66426000",
            "investmentIncomeNet": "1176000",
            "netInterestIncome": "-5415000",
            "interestIncome": "None",
            "interestExpense": "5415000",
            "nonInterestIncome": "142813000",
            "otherNonOperatingIncome": "0",
            "depreciation": "None",
            "depreciationAndAmortization": "239000",
            "incomeBeforeTax": "24089000",
            "incomeTaxExpense": "38000000",
            "interestAndDebtExpense": "5415000",
            "netIncomeFromContinuingOperations": "-13911000",
            "comprehensiveIncomeNetOfTax": "-14597000",
            "ebit": "29504000",
            "ebitda": "29743000",
            "netIncome": "-13911000"
        },
        {
            "fiscalDateEnding": "2018-06-30",
            "reportedCurrency": "USD",
            "grossProfit": "122208000",
            "totalRevenue": "147886000",
            "costOfRevenue": "75357000",
            "costofGoodsAndServicesSold": "30378000",
            "operatingIncome": "59035000",
            "sellingGeneralAndAdministrative": "44263000",
            "researchAndDevelopment": "25910000",
            "operatingExpenses": "70173000",
            "investmentIncomeNet": "910000",
            "netInterestIncome": "-5414000",
            "interestIncome": "None",
            "interestExpense": "5414000",
            "nonInterestIncome": "153300000",
            "otherNonOperatingIncome": "24000",
            "depreciation": "None",
            "depreciationAndAmortization": "716000",
            "incomeBeforeTax": "54553000",
            "incomeTaxExpense": "8356000",
            "interestAndDebtExpense": "5414000",
            "netIncomeFromContinuingOperations": "46197000",
            "comprehensiveIncomeNetOfTax": "41683000",
            "ebit": "59967000",
            "ebitda": "60683000",
            "netIncome": "46197000"
        }
    ]
}