{
    "symbol": "EXTR",
    "annualReports": [
        {
            "fiscalDateEnding": "2022-06-30",
            "reportedCurrency": "USD",
            "grossProfit": "629938000",
            "totalRevenue": "1103893000",
            "costOfRevenue": "855845000",
            "costofGoodsAndServicesSold": "482383000",
            "operatingIncome": "64188000",
            "sellingGeneralAndAdministrative": "363167000",
            "researchAndDevelopment": "190591000",
            "operatingExpenses": "565750000",
            "investmentIncomeNet": "None",
            "netInterestIncome": "-12789000",
            "interestIncome": "412000",
            "interestExpense": "12789000",
            "nonInterestIncome": "1114021000",
            "otherNonOperatingIncome": "383000",
            "depreciation": "20215000",
            "depreciationAndAmortization": "3235000",
            "incomeBeforeTax": "52194000",
            "incomeTaxExpense": "7923000",
            "interestAndDebtExpense": "12789000",
            "netIncomeFromContinuingOperations": "44271000",
            "comprehensiveIncomeNetOfTax": "44027000",
            "ebit": "64983000",
            "ebitda": "68218000",
            "netIncome": "44271000"
        },
        {
            "fiscalDateEnding": "2021-06-30",
            "reportedCurrency": "USD",
            "grossProfit": "585123000",
            "totalRevenue": "986853000",
            "costOfRevenue": "777428000",
            "costofGoodsAndServicesSold": "424295000",
            "operatingIncome": "34376000",
            "sellingGeneralAndAdministrative": "343042000",
            "researchAndDevelopment": "196995000",
            "operatingExpenses": "550747000",
            "investmentIncomeNet": "None",
            "netInterestIncome": "-22856000",
            "interestIncome": "352000",
            "interestExpense": "22856000",
            "nonInterestIncome": "1007218000",
            "otherNonOperatingIncome": "-1687000",
            "depreciation": "22961000",
            "depreciationAndAmortization": "6110000",
            "incomeBeforeTax": "10185000",
            "incomeTaxExpense": "8249000",
            "interestAndDebtExpense": "22856000",
            "netIncomeFromContinuingOperations": "1936000",
            "comprehensiveIncomeNetOfTax": "5503000",
            "ebit": "33041000",
            "ebitda": "39151000",
            "netIncome": "1936000"
        },
        {
            "fiscalDateEnding": "2020-06-30",
            "reportedCurrency": "USD",
            "grossProfit": "517839000",
            "totalRevenue": "925480000",
            "costOfRevenue": "816590000",
            "costofGoodsAndServicesSold": "430180000",
            "operatingIncome": "-98899000",
            "sellingGeneralAndAdministrative": "344623000",
            "researchAndDevelopment": "209606000",
            "operatingExpenses": "616738000",
            "investmentIncomeNet": "None",
            "netInterestIncome": "-23750000",
            "interestIncome": "1420000",
            "interestExpense": "23750000",
            "nonInterestIncome": "948019000",
            "otherNonOperatingIncome": "737000",
            "depreciation": "28603000",
            "depreciationAndAmortization": "8425000",
            "incomeBeforeTax": "-120492000",
            "incomeTaxExpense": "6353000",
            "interestAndDebtExpense": "23750000",
            "netIncomeFromContinuingOperations": "-126845000",
            "comprehensiveIncomeNetOfTax": "-130750000",
            "ebit": "-96742000",
            "ebitda": "-88317000",
            "netIncome": "-126845000"
        },
        {
            "fiscalDateEnding": "2019-06-30",
            "reportedCurrency": "USD",
            "grossProfit": "551235000",
            "totalRevenue": "981785000",
            "costOfRevenue": "802228000",
            "costofGoodsAndServicesSold": "444554000",
            "operatingIncome": "-14726000",
            "sellingGeneralAndAdministrative": "340949000",
            "researchAndDevelopment": "210132000",
            "operatingExpenses": "565961000",
            "investmentIncomeNet": "None",
            "netInterestIncome": "-12597000",
            "interestIncome": "2232000",
            "interestExpense": "12597000",
            "nonInterestIncome": "995789000",
            "otherNonOperatingIncome": "-783000",
            "depreciation": "26889000",
            "depreciationAndAmortization": "6346000",
            "incomeBeforeTax": "-25874000",
            "incomeTaxExpense": "-21000",
            "interestAndDebtExpense": "12597000",
            "netIncomeFromContinuingOperations": "-25853000",
            "comprehensiveIncomeNetOfTax": "-26126000",
            "ebit": "-13277000",
            "ebitda": "-6931000",
            "netIncome": "-25853000"
        },
        {
            "fiscalDateEnding": "2018-06-30",
            "reportedCurrency": "USD",
            "grossProfit": "534517000",
            "totalRevenue": "970326000",
            "costOfRevenue": "839174000",
            "costofGoodsAndServicesSold": "448625000",
            "operatingIncome": "-38210000",
            "sellingGeneralAndAdministrative": "318095000",
            "researchAndDevelopment": "183877000",
            "operatingExpenses": "572727000",
            "investmentIncomeNet": "None",
            "netInterestIncome": "-13923000",
            "interestIncome": "2847000",
            "interestExpense": "13923000",
            "nonInterestIncome": "981969000",
            "otherNonOperatingIncome": "2639000",
            "depreciation": "23471000",
            "depreciationAndAmortization": "8715000",
            "incomeBeforeTax": "-46647000",
            "incomeTaxExpense": "145000",
            "interestAndDebtExpense": "15096000",
            "netIncomeFromContinuingOperations": "-46792000",
            "comprehensiveIncomeNetOfTax": "-46193000",
            "ebit": "-32724000",
            "ebitda": "-24009000",
            "netIncome": "-46792000"
        }
    ],
    "quarterlyReports": [
        {
            "fiscalDateEnding": "2023-03-31",
            "reportedCurrency": "USD",
            "grossProfit": "191938000",
            "totalRevenue": "328261000",
            "costOfRevenue": "246724000",
            "costofGoodsAndServicesSold": "140569000",
            "operatingIncome": "29583000",
            "sellingGeneralAndAdministrative": "105645000",
            "researchAndDevelopment": "54837000",
            "operatingExpenses": "162355000",
            "investmentIncomeNet": "None",
            "netInterestIncome": "-3946000",
            "interestIncome": "774000",
            "interestExpense": "3946000",
            "nonInterestIncome": "332207000",
            "otherNonOperatingIncome": "-367000",
            "depreciation": "5031000",
            "depreciationAndAmortization": "510000",
            "incomeBeforeTax": "26044000",
            "incomeTaxExpense": "3913000",
            "interestAndDebtExpense": "3946000",
            "netIncomeFromContinuingOperations": "22131000",
            "comprehensiveIncomeNetOfTax": "22755000",
            "ebit": "29990000",
            "ebitda": "30500000",
            "netIncome": "22131000"
        },
        {
            "fiscalDateEnding": "2022-12-31",
            "reportedCurrency": "USD",
            "grossProfit": "181655000",
            "totalRevenue": "314564000",
            "costOfRevenue": "241820000",
            "costofGoodsAndServicesSold": "136693000",
            "operatingIncome": "23434000",
            "sellingGeneralAndAdministrative": "104623000",
            "researchAndDevelopment": "52618000",
            "operatingExpenses": "158221000",
            "investmentIncomeNet": "None",
            "netInterestIncome": "-3884000",
            "interestIncome": "889000",
            "interestExpense": "3884000",
            "nonInterestIncome": "318448000",
            "otherNonOperatingIncome": "138000",
            "depreciation": "5030000",
            "depreciationAndAmortization": "504000",
            "incomeBeforeTax": "20577000",
            "incomeTaxExpense": "2646000",
            "interestAndDebtExpense": "3884000",
            "netIncomeFromContinuingOperations": "17931000",
            "comprehensiveIncomeNetOfTax": "9555000",
            "ebit": "24461000",
            "ebitda": "24965000",
            "netIncome": "17931000"
        },
        {
            "fiscalDateEnding": "2022-09-30",
            "reportedCurrency": "USD",
            "grossProfit": "166708000",
            "totalRevenue": "294763000",
            "costOfRevenue": "228823000",
            "costofGoodsAndServicesSold": "130981000",
            "operatingIncome": "17396000",
            "sellingGeneralAndAdministrative": "96929000",
            "researchAndDevelopment": "50989000",
            "operatingExpenses": "149312000",
            "investmentIncomeNet": "None",
            "netInterestIncome": "-3826000",
            "interestIncome": "392000",
            "interestExpense": "3826000",
            "nonInterestIncome": "298589000",
            "otherNonOperatingIncome": "371000",
            "depreciation": "4953000",
            "depreciationAndAmortization": "523000",
            "incomeBeforeTax": "14333000",
            "incomeTaxExpense": "1748000",
            "interestAndDebtExpense": "3826000",
            "netIncomeFromContinuingOperations": "12585000",
            "comprehensiveIncomeNetOfTax": "10470000",
            "ebit": "18159000",
            "ebitda": "18682000",
            "netIncome": "12585000"
        },
        {
            "fiscalDateEnding": "2022-06-30",
            "reportedCurrency": "USD",
            "grossProfit": "154191000",
            "totalRevenue": "278918000",
            "costOfRevenue": "221889000",
            "costofGoodsAndServicesSold": "124005000",
            "operatingIncome": "10458000",
            "sellingGeneralAndAdministrative": "96641000",
            "researchAndDevelopment": "45130000",
            "operatingExpenses": "143733000",
            "investmentIncomeNet": "None",
            "netInterestIncome": "-3039000",
            "interestIncome": "110000",
            "interestExpense": "3039000",
            "nonInterestIncome": "279296000",
            "otherNonOperatingIncome": "86000",
            "depreciation": "4891000",
            "depreciationAndAmortization": "639000",
            "incomeBeforeTax": "7615000",
            "incomeTaxExpense": "2205000",
            "interestAndDebtExpense": "3039000",
            "netIncomeFromContinuingOperations": "5410000",
            "comprehensiveIncomeNetOfTax": "3675000",
            "ebit": "10654000",
            "ebitda": "11293000",
            "netIncome": "5410000"
        },
        {
            "fiscalDateEnding": "2022-03-31",
            "reportedCurrency": "USD",
            "grossProfit": "161358000",
            "totalRevenue": "283014000",
            "costOfRevenue": "218175000",
            "costofGoodsAndServicesSold": "124150000",
            "operatingIncome": "17311000",
            "sellingGeneralAndAdministrative": "90554000",
            "researchAndDevelopment": "49615000",
            "operatingExpenses": "144047000",
            "investmentIncomeNet": "None",
            "netInterestIncome": "-2794000",
            "interestIncome": "109000",
            "interestExpense": "2794000",
            "nonInterestIncome": "285808000",
            "otherNonOperatingIncome": "54000",
            "depreciation": "5091000",
            "depreciationAndAmortization": "638000",
            "incomeBeforeTax": "14680000",
            "incomeTaxExpense": "1856000",
            "interestAndDebtExpense": "2794000",
            "netIncomeFromContinuingOperations": "12824000",
            "comprehensiveIncomeNetOfTax": "14295000",
            "ebit": "17474000",
            "ebitda": "18112000",
            "netIncome": "12824000"
        },
        {
            "fiscalDateEnding": "2021-12-31",
            "reportedCurrency": "USD",
            "grossProfit": "158786000",
            "totalRevenue": "277757000",
            "costOfRevenue": "214506000",
            "costofGoodsAndServicesSold": "122147000",
            "operatingIncome": "18055000",
            "sellingGeneralAndAdministrative": "89442000",
            "researchAndDevelopment": "48080000",
            "operatingExpenses": "140731000",
            "investmentIncomeNet": "None",
            "netInterestIncome": "-3076000",
            "interestIncome": "83000",
            "interestExpense": "3076000",
            "nonInterestIncome": "280833000",
            "otherNonOperatingIncome": "72000",
            "depreciation": "5078000",
            "depreciationAndAmortization": "804000",
            "incomeBeforeTax": "15134000",
            "incomeTaxExpense": "1793000",
            "interestAndDebtExpense": "3076000",
            "netIncomeFromContinuingOperations": "13341000",
            "comprehensiveIncomeNetOfTax": "14272000",
            "ebit": "18210000",
            "ebitda": "19014000",
            "netIncome": "13341000"
        },
        {
            "fiscalDateEnding": "2021-09-30",
            "reportedCurrency": "USD",
            "grossProfit": "155603000",
            "totalRevenue": "264104000",
            "costOfRevenue": "201275000",
            "costofGoodsAndServicesSold": "112081000",
            "operatingIncome": "18364000",
            "sellingGeneralAndAdministrative": "86530000",
            "researchAndDevelopment": "47766000",
            "operatingExpenses": "137239000",
            "investmentIncomeNet": "None",
            "netInterestIncome": "-3880000",
            "interestIncome": "110000",
            "interestExpense": "3880000",
            "nonInterestIncome": "267984000",
            "otherNonOperatingIncome": "171000",
            "depreciation": "5155000",
            "depreciationAndAmortization": "1154000",
            "incomeBeforeTax": "14765000",
            "incomeTaxExpense": "2069000",
            "interestAndDebtExpense": "3880000",
            "netIncomeFromContinuingOperations": "12696000",
            "comprehensiveIncomeNetOfTax": "11785000",
            "ebit": "18645000",
            "ebitda": "19799000",
            "netIncome": "12696000"
        },
        {
            "fiscalDateEnding": "2021-06-30",
            "reportedCurrency": "USD",
            "grossProfit": "161100000",
            "totalRevenue": "275748000",
            "costOfRevenue": "211443000",
            "costofGoodsAndServicesSold": "116988000",
            "operatingIncome": "17571000",
            "sellingGeneralAndAdministrative": "92243000",
            "researchAndDevelopment": "49376000",
            "operatingExpenses": "143529000",
            "investmentIncomeNet": "None",
            "netInterestIncome": "-4531000",
            "interestIncome": "71000",
            "interestExpense": "4531000",
            "nonInterestIncome": "277788000",
            "otherNonOperatingIncome": "-115000",
            "depreciation": "5160000",
            "depreciationAndAmortization": "1406000",
            "incomeBeforeTax": "12996000",
            "incomeTaxExpense": "2670000",
            "interestAndDebtExpense": "4531000",
            "netIncomeFromContinuingOperations": "10347000",
            "comprehensiveIncomeNetOfTax": "10527000",
            "ebit": "17527000",
            "ebitda": "18933000",
            "netIncome": "10326000"
        },
        {
            "fiscalDateEnding": "2021-03-31",
            "reportedCurrency": "USD",
            "grossProfit": "148813000",
            "totalRevenue": "248406000",
            "costOfRevenue": "193014000",
            "costofGoodsAndServicesSold": "104587000",
            "operatingIncome": "11152000",
            "sellingGeneralAndAdministrative": "86921000",
            "researchAndDevelopment": "48909000",
            "operatingExpenses": "137661000",
            "investmentIncomeNet": "None",
            "netInterestIncome": "-5594000",
            "interestIncome": "81000",
            "interestExpense": "5594000",
            "nonInterestIncome": "254000000",
            "otherNonOperatingIncome": "269000",
            "depreciation": "5330000",
            "depreciationAndAmortization": "1406000",
            "incomeBeforeTax": "5908000",
            "incomeTaxExpense": "2436000",
            "interestAndDebtExpense": "5594000",
            "netIncomeFromContinuingOperations": "3472000",
            "comprehensiveIncomeNetOfTax": "3130000",
            "ebit": "11502000",
            "ebitda": "12908000",
            "netIncome": "3472000"
        },
        {
            "fiscalDateEnding": "2020-12-31",
            "reportedCurrency": "USD",
            "grossProfit": "140192000",
            "totalRevenue": "236060000",
            "costOfRevenue": "186934000",
            "costofGoodsAndServicesSold": "101936000",
            "operatingIncome": "5713000",
            "sellingGeneralAndAdministrative": "83092000",
            "researchAndDevelopment": "49186000",
            "operatingExpenses": "134479000",
            "investmentIncomeNet": "None",
            "netInterestIncome": "-6068000",
            "interestIncome": "82000",
            "interestExpense": "6068000",
            "nonInterestIncome": "242128000",
            "otherNonOperatingIncome": "-954000",
            "depreciation": "5744000",
            "depreciationAndAmortization": "1506000",
            "incomeBeforeTax": "-1227000",
            "incomeTaxExpense": "1823000",
            "interestAndDebtExpense": "6068000",
            "netIncomeFromContinuingOperations": "-3050000",
            "comprehensiveIncomeNetOfTax": "-784000",
            "ebit": "4841000",
            "ebitda": "6347000",
            "netIncome": "-3050000"
        },
        {
            "fiscalDateEnding": "2020-09-30",
            "reportedCurrency": "USD",
            "grossProfit": "135018000",
            "totalRevenue": "229139000",
            "costOfRevenue": "186037000",
            "costofGoodsAndServicesSold": "100784000",
            "operatingIncome": "-60000",
            "sellingGeneralAndAdministrative": "80786000",
            "researchAndDevelopment": "49524000",
            "operatingExpenses": "135078000",
            "investmentIncomeNet": "None",
            "netInterestIncome": "-6663000",
            "interestIncome": "118000",
            "interestExpense": "6663000",
            "nonInterestIncome": "235802000",
            "otherNonOperatingIncome": "-887000",
            "depreciation": "6727000",
            "depreciationAndAmortization": "1792000",
            "incomeBeforeTax": "-7492000",
            "incomeTaxExpense": "1320000",
            "interestAndDebtExpense": "6663000",
            "netIncomeFromContinuingOperations": "-8792000",
            "comprehensiveIncomeNetOfTax": "-7370000",
            "ebit": "-829000",
            "ebitda": "963000",
            "netIncome": "-8812000"
        },
        {
            "fiscalDateEnding": "2020-06-30",
            "reportedCurrency": "USD",
            "grossProfit": "120590000",
            "totalRevenue": "207360000",
            "costOfRevenue": "171577000",
            "costofGoodsAndServicesSold": "94932000",
            "operatingIncome": "-13103000",
            "sellingGeneralAndAdministrative": "82499000",
            "researchAndDevelopment": "44533000",
            "operatingExpenses": "133693000",
            "investmentIncomeNet": "None",
            "netInterestIncome": "-6373000",
            "interestIncome": "54000",
            "interestExpense": "6373000",
            "nonInterestIncome": "214422000",
            "otherNonOperatingIncome": "-391000",
            "depreciation": "6884000",
            "depreciationAndAmortization": "2059000",
            "incomeBeforeTax": "-19764000",
            "incomeTaxExpense": "1453000",
            "interestAndDebtExpense": "6373000",
            "netIncomeFromContinuingOperations": "-21217000",
            "comprehensiveIncomeNetOfTax": "-21207000",
            "ebit": "-13391000",
            "ebitda": "-11332000",
            "netIncome": "-21217000"
        },
        {
            "fiscalDateEnding": "2020-03-31",
            "reportedCurrency": "USD",
            "grossProfit": "111335000",
            "totalRevenue": "205040000",
            "costOfRevenue": "196450000",
            "costofGoodsAndServicesSold": "98184000",
            "operatingIncome": "-38356000",
            "sellingGeneralAndAdministrative": "85251000",
            "researchAndDevelopment": "50577000",
            "operatingExpenses": "149691000",
            "investmentIncomeNet": "None",
            "netInterestIncome": "-5979000",
            "interestIncome": "222000",
            "interestExpense": "5979000",
            "nonInterestIncome": "210419000",
            "otherNonOperatingIncome": "1318000",
            "depreciation": "7468000",
            "depreciationAndAmortization": "2059000",
            "incomeBeforeTax": "-42795000",
            "incomeTaxExpense": "1557000",
            "interestAndDebtExpense": "5979000",
            "netIncomeFromContinuingOperations": "-44352000",
            "comprehensiveIncomeNetOfTax": "-48255000",
            "ebit": "-36816000",
            "ebitda": "-34757000",
            "netIncome": "-44352000"
        },
        {
            "fiscalDateEnding": "2019-12-31",
            "reportedCurrency": "USD",
            "grossProfit": "148671000",
            "totalRevenue": "261838000",
            "costOfRevenue": "224306000",
            "costofGoodsAndServicesSold": "118801000",
            "operatingIncome": "-15236000",
            "sellingGeneralAndAdministrative": "90534000",
            "researchAndDevelopment": "55380000",
            "operatingExpenses": "163907000",
            "investmentIncomeNet": "None",
            "netInterestIncome": "-6234000",
            "interestIncome": "477000",
            "interestExpense": "6234000",
            "nonInterestIncome": "267472000",
            "otherNonOperatingIncome": "-748000",
            "depreciation": "7150000",
            "depreciationAndAmortization": "2377000",
            "incomeBeforeTax": "-21741000",
            "incomeTaxExpense": "1797000",
            "interestAndDebtExpense": "6234000",
            "netIncomeFromContinuingOperations": "-23541000",
            "comprehensiveIncomeNetOfTax": "-22652000",
            "ebit": "-15507000",
            "ebitda": "-13130000",
            "netIncome": "-23538000"
        },
        {
            "fiscalDateEnding": "2019-09-30",
            "reportedCurrency": "USD",
            "grossProfit": "137243000",
            "totalRevenue": "250942000",
            "costOfRevenue": "229003000",
            "costofGoodsAndServicesSold": "118263000",
            "operatingIncome": "-32204000",
            "sellingGeneralAndAdministrative": "86339000",
            "researchAndDevelopment": "59116000",
            "operatingExpenses": "169447000",
            "investmentIncomeNet": "None",
            "netInterestIncome": "-5164000",
            "interestIncome": "667000",
            "interestExpense": "5164000",
            "nonInterestIncome": "255506000",
            "otherNonOperatingIncome": "558000",
            "depreciation": "7101000",
            "depreciationAndAmortization": "1930000",
            "incomeBeforeTax": "-36143000",
            "incomeTaxExpense": "1595000",
            "interestAndDebtExpense": "5164000",
            "netIncomeFromContinuingOperations": "-37738000",
            "comprehensiveIncomeNetOfTax": "-38636000",
            "ebit": "-30979000",
            "ebitda": "-29049000",
            "netIncome": "-37738000"
        },
        {
            "fiscalDateEnding": "2019-06-30",
            "reportedCurrency": "USD",
            "grossProfit": "138946000",
            "totalRevenue": "247843000",
            "costOfRevenue": "211437000",
            "costofGoodsAndServicesSold": "113413000",
            "operatingIncome": "-12205000",
            "sellingGeneralAndAdministrative": "90568000",
            "researchAndDevelopment": "54606000",
            "operatingExpenses": "151151000",
            "investmentIncomeNet": "None",
            "netInterestIncome": "-3009000",
            "interestIncome": "567000",
            "interestExpense": "3009000",
            "nonInterestIncome": "252259000",
            "otherNonOperatingIncome": "-438000",
            "depreciation": "6863000",
            "depreciationAndAmortization": "1338000",
            "incomeBeforeTax": "-15085000",
            "incomeTaxExpense": "1970000",
            "interestAndDebtExpense": "3009000",
            "netIncomeFromContinuingOperations": "-17055000",
            "comprehensiveIncomeNetOfTax": "-16979000",
            "ebit": "-12076000",
            "ebitda": "-10738000",
            "netIncome": "-17055000"
        },
        {
            "fiscalDateEnding": "2019-03-31",
            "reportedCurrency": "USD",
            "grossProfit": "138919000",
            "totalRevenue": "247868000",
            "costOfRevenue": "201037000",
            "costofGoodsAndServicesSold": "111945000",
            "operatingIncome": "-2254000",
            "sellingGeneralAndAdministrative": "87800000",
            "researchAndDevelopment": "52081000",
            "operatingExpenses": "141173000",
            "investmentIncomeNet": "None",
            "netInterestIncome": "-2996000",
            "interestIncome": "2368000",
            "interestExpense": "2996000",
            "nonInterestIncome": "250864000",
            "otherNonOperatingIncome": "-433000",
            "depreciation": "6550000",
            "depreciationAndAmortization": "1292000",
            "incomeBeforeTax": "-5055000",
            "incomeTaxExpense": "1877000",
            "interestAndDebtExpense": "2996000",
            "netIncomeFromContinuingOperations": "-6932000",
            "comprehensiveIncomeNetOfTax": "-6756000",
            "ebit": "-2059000",
            "ebitda": "-767000",
            "netIncome": "-6932000"
        },
        {
            "fiscalDateEnding": "2018-12-31",
            "reportedCurrency": "USD",
            "grossProfit": "141299000",
            "totalRevenue": "249614000",
            "costOfRevenue": "195251000",
            "costofGoodsAndServicesSold": "111381000",
            "operatingIncome": "4751000",
            "sellingGeneralAndAdministrative": "82228000",
            "researchAndDevelopment": "52204000",
            "operatingExpenses": "136548000",
            "investmentIncomeNet": "None",
            "netInterestIncome": "-3066000",
            "interestIncome": "None",
            "interestExpense": "3066000",
            "nonInterestIncome": "252680000",
            "otherNonOperatingIncome": "-399000",
            "depreciation": "6693000",
            "depreciationAndAmortization": "1575000",
            "incomeBeforeTax": "1899000",
            "incomeTaxExpense": "-5300000",
            "interestAndDebtExpense": "3066000",
            "netIncomeFromContinuingOperations": "7199000",
            "comprehensiveIncomeNetOfTax": "7171000",
            "ebit": "4965000",
            "ebitda": "6540000",
            "netIncome": "7199000"
        },
        {
            "fiscalDateEnding": "2018-09-30",
            "reportedCurrency": "USD",
            "grossProfit": "132071000",
            "totalRevenue": "236560000",
            "costOfRevenue": "193854000",
            "costofGoodsAndServicesSold": "107815000",
            "operatingIncome": "-5018000",
            "sellingGeneralAndAdministrative": "80353000",
            "researchAndDevelopment": "51241000",
            "operatingExpenses": "137089000",
            "investmentIncomeNet": "None",
            "netInterestIncome": "-3526000",
            "interestIncome": "None",
            "interestExpense": "3526000",
            "nonInterestIncome": "240086000",
            "otherNonOperatingIncome": "487000",
            "depreciation": "6783000",
            "depreciationAndAmortization": "2141000",
            "incomeBeforeTax": "-7663000",
            "incomeTaxExpense": "1402000",
            "interestAndDebtExpense": "3526000",
            "netIncomeFromContinuingOperations": "-9065000",
            "comprehensiveIncomeNetOfTax": "-9562000",
            "ebit": "-4137000",
            "ebitda": "-1996000",
            "netIncome": "-9065000"
        },
        {
            "fiscalDateEnding": "2018-06-30",
            "reportedCurrency": "USD",
            "grossProfit": "150167000",
            "totalRevenue": "271990000",
            "costOfRevenue": "230605000",
            "costofGoodsAndServicesSold": "128133000",
            "operatingIncome": "-3371000",
            "sellingGeneralAndAdministrative": "89074000",
            "researchAndDevelopment": "52765000",
            "operatingExpenses": "153538000",
            "investmentIncomeNet": "None",
            "netInterestIncome": "-5160000",
            "interestIncome": "None",
            "interestExpense": "5160000",
            "nonInterestIncome": "983469000",
            "otherNonOperatingIncome": "514000",
            "depreciation": "8054000",
            "depreciationAndAmortization": "2254000",
            "incomeBeforeTax": "-7274000",
            "incomeTaxExpense": "-1642000",
            "interestAndDebtExpense": "6333000",
            "netIncomeFromContinuingOperations": "-5632000",
            "comprehensiveIncomeNetOfTax": "-6864000",
            "ebit": "-2114000",
            "ebitda": "140000",
            "netIncome": "-5632000"
        }
    ]
}