{
    "symbol": "FTI",
    "annualReports": [
        {
            "fiscalDateEnding": "2022-12-31",
            "reportedCurrency": "USD",
            "grossProfit": "6068700000",
            "totalRevenue": "6700400000",
            "costOfRevenue": "631700000",
            "costofGoodsAndServicesSold": "6503100000",
            "operatingIncome": "375900000",
            "sellingGeneralAndAdministrative": "616800000",
            "researchAndDevelopment": "67000000",
            "operatingExpenses": "699700000",
            "investmentIncomeNet": "-27700000",
            "netInterestIncome": "-138700000",
            "interestIncome": "104000000",
            "interestExpense": "138700000",
            "nonInterestIncome": "-81400000",
            "otherNonOperatingIncome": "5400000",
            "depreciation": "285200000",
            "depreciationAndAmortization": "377200000",
            "incomeBeforeTax": "-1800000",
            "incomeTaxExpense": "105400000",
            "interestAndDebtExpense": "168500000",
            "netIncomeFromContinuingOperations": "-61900000",
            "comprehensiveIncomeNetOfTax": "-103900000",
            "ebit": "136900000",
            "ebitda": "596800000",
            "netIncome": "-107200000"
        },
        {
            "fiscalDateEnding": "2021-12-31",
            "reportedCurrency": "USD",
            "grossProfit": "5691900000",
            "totalRevenue": "6403500000",
            "costOfRevenue": "711600000",
            "costofGoodsAndServicesSold": "6369600000",
            "operatingIncome": "183400000",
            "sellingGeneralAndAdministrative": "644900000",
            "researchAndDevelopment": "78400000",
            "operatingExpenses": "786900000",
            "investmentIncomeNet": "322200000",
            "netInterestIncome": "-157300000",
            "interestIncome": "179500000",
            "interestExpense": "157300000",
            "nonInterestIncome": "-46100000",
            "otherNonOperatingIncome": "46600000",
            "depreciation": "291300000",
            "depreciationAndAmortization": "385400000",
            "incomeBeforeTax": "124400000",
            "incomeTaxExpense": "111100000",
            "interestAndDebtExpense": "219200000",
            "netIncomeFromContinuingOperations": "87800000",
            "comprehensiveIncomeNetOfTax": "99700000",
            "ebit": "281700000",
            "ebitda": "466500000",
            "netIncome": "13300000"
        },
        {
            "fiscalDateEnding": "2020-12-31",
            "reportedCurrency": "USD",
            "grossProfit": "8483100000",
            "totalRevenue": "6530600000",
            "costOfRevenue": "4567500000",
            "costofGoodsAndServicesSold": "5835800000",
            "operatingIncome": "-3244800000",
            "sellingGeneralAndAdministrative": "724100000",
            "researchAndDevelopment": "75300000",
            "operatingExpenses": "4684200000",
            "investmentIncomeNet": "0",
            "netInterestIncome": "-349600000",
            "interestIncome": "-215500000",
            "interestExpense": "134100000",
            "nonInterestIncome": "-28800000",
            "otherNonOperatingIncome": "25100000",
            "depreciation": "308700000",
            "depreciationAndAmortization": "412100000",
            "incomeBeforeTax": "-3268200000",
            "incomeTaxExpense": "19400000",
            "interestAndDebtExpense": "349600000",
            "netIncomeFromContinuingOperations": "-3552600000",
            "comprehensiveIncomeNetOfTax": "-3502600000",
            "ebit": "-3134100000",
            "ebitda": "449500000",
            "netIncome": "-3287600000"
        },
        {
            "fiscalDateEnding": "2019-12-31",
            "reportedCurrency": "USD",
            "grossProfit": "9659000000",
            "totalRevenue": "6950200000",
            "costOfRevenue": "3750100000",
            "costofGoodsAndServicesSold": "14935800000",
            "operatingIncome": "-2105400000",
            "sellingGeneralAndAdministrative": "795700000",
            "researchAndDevelopment": "149500000",
            "operatingExpenses": "3920100000",
            "investmentIncomeNet": "0",
            "netInterestIncome": "-567800000",
            "interestIncome": "-432900000",
            "interestExpense": "134900000",
            "nonInterestIncome": "-146900000",
            "otherNonOperatingIncome": "-181600000",
            "depreciation": "363000000",
            "depreciationAndAmortization": "509600000",
            "incomeBeforeTax": "-2336200000",
            "incomeTaxExpense": "79000000",
            "interestAndDebtExpense": "567800000",
            "netIncomeFromContinuingOperations": "-2645500000",
            "comprehensiveIncomeNetOfTax": "-2463000000",
            "ebit": "-2201300000",
            "ebitda": "-1174900000",
            "netIncome": "-2415200000"
        },
        {
            "fiscalDateEnding": "2018-12-31",
            "reportedCurrency": "USD",
            "grossProfit": "9437700000",
            "totalRevenue": "12552900000",
            "costOfRevenue": "3115200000",
            "costofGoodsAndServicesSold": "10273000000",
            "operatingIncome": "-532700000",
            "sellingGeneralAndAdministrative": "1140600000",
            "researchAndDevelopment": "189200000",
            "operatingExpenses": "3161000000",
            "investmentIncomeNet": "121400000",
            "netInterestIncome": "-482300000",
            "interestIncome": "33900000",
            "interestExpense": "482300000",
            "nonInterestIncome": "-116500000",
            "otherNonOperatingIncome": "-323900000",
            "depreciation": "367800000",
            "depreciationAndAmortization": "550400000",
            "incomeBeforeTax": "-1498900000",
            "incomeTaxExpense": "422700000",
            "interestAndDebtExpense": "482300000",
            "netIncomeFromContinuingOperations": "-1910800000",
            "comprehensiveIncomeNetOfTax": "-2277600000",
            "ebit": "-1016600000",
            "ebitda": "-466200000",
            "netIncome": "-1921600000"
        }
    ],
    "quarterlyReports": [
        {
            "fiscalDateEnding": "2023-06-30",
            "reportedCurrency": "USD",
            "grossProfit": "1817100000",
            "totalRevenue": "1972200000",
            "costOfRevenue": "155100000",
            "costofGoodsAndServicesSold": "1813700000",
            "operatingIncome": "179100000",
            "sellingGeneralAndAdministrative": "150000000",
            "researchAndDevelopment": "16800000",
            "operatingExpenses": "171900000",
            "investmentIncomeNet": "0",
            "netInterestIncome": "-34400000",
            "interestIncome": "29200000",
            "interestExpense": "34400000",
            "nonInterestIncome": "0",
            "otherNonOperatingIncome": "-182300000",
            "depreciation": "97000000",
            "depreciationAndAmortization": "97000000",
            "incomeBeforeTax": "-43900000",
            "incomeTaxExpense": "43300000",
            "interestAndDebtExpense": "34400000",
            "netIncomeFromContinuingOperations": "-87200000",
            "comprehensiveIncomeNetOfTax": "-59300000",
            "ebit": "-9500000",
            "ebitda": "74300000",
            "netIncome": "-87200000"
        },
        {
            "fiscalDateEnding": "2023-03-31",
            "reportedCurrency": "USD",
            "grossProfit": "1562900000",
            "totalRevenue": "1717400000",
            "costOfRevenue": "154500000",
            "costofGoodsAndServicesSold": "1666400000",
            "operatingIncome": "89200000",
            "sellingGeneralAndAdministrative": "153900000",
            "researchAndDevelopment": "15400000",
            "operatingExpenses": "170400000",
            "investmentIncomeNet": "0",
            "netInterestIncome": "-27000000",
            "interestIncome": "59400000",
            "interestExpense": "27000000",
            "nonInterestIncome": "2100000",
            "otherNonOperatingIncome": "-1300000",
            "depreciation": "93000000",
            "depreciationAndAmortization": "93000000",
            "incomeBeforeTax": "37800000",
            "incomeTaxExpense": "37400000",
            "interestAndDebtExpense": "27000000",
            "netIncomeFromContinuingOperations": "400000",
            "comprehensiveIncomeNetOfTax": "14000000",
            "ebit": "64800000",
            "ebitda": "156900000",
            "netIncome": "400000"
        },
        {
            "fiscalDateEnding": "2022-12-31",
            "reportedCurrency": "USD",
            "grossProfit": "1532300000",
            "totalRevenue": "1694400000",
            "costOfRevenue": "162100000",
            "costofGoodsAndServicesSold": "1665300000",
            "operatingIncome": "87100000",
            "sellingGeneralAndAdministrative": "162200000",
            "researchAndDevelopment": "21900000",
            "operatingExpenses": "184900000",
            "investmentIncomeNet": "0",
            "netInterestIncome": "-34000000",
            "interestIncome": "7300000",
            "interestExpense": "34000000",
            "nonInterestIncome": "-37000000",
            "otherNonOperatingIncome": "-28100000",
            "depreciation": "800000",
            "depreciationAndAmortization": "92800000",
            "incomeBeforeTax": "-22900000",
            "incomeTaxExpense": "14400000",
            "interestAndDebtExpense": "34000000",
            "netIncomeFromContinuingOperations": "-26700000",
            "comprehensiveIncomeNetOfTax": "130400000",
            "ebit": "11100000",
            "ebitda": "114900000",
            "netIncome": "-37300000"
        },
        {
            "fiscalDateEnding": "2022-09-30",
            "reportedCurrency": "USD",
            "grossProfit": "1574200000",
            "totalRevenue": "1733000000",
            "costOfRevenue": "158800000",
            "costofGoodsAndServicesSold": "1652200000",
            "operatingIncome": "124000000",
            "sellingGeneralAndAdministrative": "151900000",
            "researchAndDevelopment": "19000000",
            "operatingExpenses": "177800000",
            "investmentIncomeNet": "0",
            "netInterestIncome": "-35100000",
            "interestIncome": "30900000",
            "interestExpense": "35100000",
            "nonInterestIncome": "-14500000",
            "otherNonOperatingIncome": "-10300000",
            "depreciation": "94500000",
            "depreciationAndAmortization": "94500000",
            "incomeBeforeTax": "32400000",
            "incomeTaxExpense": "42700000",
            "interestAndDebtExpense": "35100000",
            "netIncomeFromContinuingOperations": "5000000",
            "comprehensiveIncomeNetOfTax": "-132700000",
            "ebit": "67500000",
            "ebitda": "178800000",
            "netIncome": "-10300000"
        },
        {
            "fiscalDateEnding": "2022-06-30",
            "reportedCurrency": "USD",
            "grossProfit": "1566900000",
            "totalRevenue": "1717200000",
            "costOfRevenue": "150300000",
            "costofGoodsAndServicesSold": "1640200000",
            "operatingIncome": "107100000",
            "sellingGeneralAndAdministrative": "143100000",
            "researchAndDevelopment": "11500000",
            "operatingExpenses": "161800000",
            "investmentIncomeNet": "800000",
            "netInterestIncome": "-31700000",
            "interestIncome": "4000000",
            "interestExpense": "31700000",
            "nonInterestIncome": "-30600000",
            "otherNonOperatingIncome": "3000000",
            "depreciation": "94000000",
            "depreciationAndAmortization": "94000000",
            "incomeBeforeTax": "21900000",
            "incomeTaxExpense": "19800000",
            "interestAndDebtExpense": "61500000",
            "netIncomeFromContinuingOperations": "2100000",
            "comprehensiveIncomeNetOfTax": "-159600000",
            "ebit": "53600000",
            "ebitda": "179100000",
            "netIncome": "2100000"
        },
        {
            "fiscalDateEnding": "2022-03-31",
            "reportedCurrency": "USD",
            "grossProfit": "1395200000",
            "totalRevenue": "1555800000",
            "costOfRevenue": "160600000",
            "costofGoodsAndServicesSold": "1545400000",
            "operatingIncome": "57700000",
            "sellingGeneralAndAdministrative": "159600000",
            "researchAndDevelopment": "14600000",
            "operatingExpenses": "175200000",
            "investmentIncomeNet": "-28500000",
            "netInterestIncome": "-37900000",
            "interestIncome": "4000000",
            "interestExpense": "37900000",
            "nonInterestIncome": "-100000",
            "otherNonOperatingIncome": "40800000",
            "depreciation": "95900000",
            "depreciationAndAmortization": "95900000",
            "incomeBeforeTax": "-33200000",
            "incomeTaxExpense": "28500000",
            "interestAndDebtExpense": "37900000",
            "netIncomeFromContinuingOperations": "-42300000",
            "comprehensiveIncomeNetOfTax": "58000000",
            "ebit": "4700000",
            "ebitda": "124000000",
            "netIncome": "-61700000"
        },
        {
            "fiscalDateEnding": "2021-12-31",
            "reportedCurrency": "USD",
            "grossProfit": "1320100000",
            "totalRevenue": "1523300000",
            "costOfRevenue": "203200000",
            "costofGoodsAndServicesSold": "1331900000",
            "operatingIncome": "17300000",
            "sellingGeneralAndAdministrative": "171300000",
            "researchAndDevelopment": "24000000",
            "operatingExpenses": "224100000",
            "investmentIncomeNet": "-29600000",
            "netInterestIncome": "-39400000",
            "interestIncome": "53800000",
            "interestExpense": "39400000",
            "nonInterestIncome": "-369600000",
            "otherNonOperatingIncome": "17900000",
            "depreciation": "1600000",
            "depreciationAndAmortization": "95700000",
            "incomeBeforeTax": "-116300000",
            "incomeTaxExpense": "39400000",
            "interestAndDebtExpense": "61800000",
            "netIncomeFromContinuingOperations": "-127200000",
            "comprehensiveIncomeNetOfTax": "-62600000",
            "ebit": "-76900000",
            "ebitda": "18800000",
            "netIncome": "-155700000"
        },
        {
            "fiscalDateEnding": "2021-09-30",
            "reportedCurrency": "USD",
            "grossProfit": "1418700000",
            "totalRevenue": "1579400000",
            "costOfRevenue": "160700000",
            "costofGoodsAndServicesSold": "1364000000",
            "operatingIncome": "35600000",
            "sellingGeneralAndAdministrative": "153400000",
            "researchAndDevelopment": "18700000",
            "operatingExpenses": "179400000",
            "investmentIncomeNet": "28500000",
            "netInterestIncome": "-41400000",
            "interestIncome": "10800000",
            "interestExpense": "41400000",
            "nonInterestIncome": "-16100000",
            "otherNonOperatingIncome": "-5900000",
            "depreciation": "96500000",
            "depreciationAndAmortization": "96500000",
            "incomeBeforeTax": "-19900000",
            "incomeTaxExpense": "12300000",
            "interestAndDebtExpense": "57400000",
            "netIncomeFromContinuingOperations": "-40600000",
            "comprehensiveIncomeNetOfTax": "-95500000",
            "ebit": "21500000",
            "ebitda": "118000000",
            "netIncome": "-32200000"
        },
        {
            "fiscalDateEnding": "2021-06-30",
            "reportedCurrency": "USD",
            "grossProfit": "1494200000",
            "totalRevenue": "1668800000",
            "costOfRevenue": "174600000",
            "costofGoodsAndServicesSold": "1442500000",
            "operatingIncome": "85300000",
            "sellingGeneralAndAdministrative": "172600000",
            "researchAndDevelopment": "19200000",
            "operatingExpenses": "193800000",
            "investmentIncomeNet": "-146800000",
            "netInterestIncome": "-37900000",
            "interestIncome": "182000000",
            "interestExpense": "37900000",
            "nonInterestIncome": "-157500000",
            "otherNonOperatingIncome": "-1000000",
            "depreciation": "98000000",
            "depreciationAndAmortization": "98000000",
            "incomeBeforeTax": "-132100000",
            "incomeTaxExpense": "34900000",
            "interestAndDebtExpense": "37900000",
            "netIncomeFromContinuingOperations": "-174700000",
            "comprehensiveIncomeNetOfTax": "-73400000",
            "ebit": "-94200000",
            "ebitda": "3800000",
            "netIncome": "-167000000"
        },
        {
            "fiscalDateEnding": "2021-03-31",
            "reportedCurrency": "USD",
            "grossProfit": "1458900000",
            "totalRevenue": "1632000000",
            "costOfRevenue": "173100000",
            "costofGoodsAndServicesSold": "1441200000",
            "operatingIncome": "45200000",
            "sellingGeneralAndAdministrative": "147600000",
            "researchAndDevelopment": "16500000",
            "operatingExpenses": "189600000",
            "investmentIncomeNet": "470100000",
            "netInterestIncome": "-38600000",
            "interestIncome": "4100000",
            "interestExpense": "38600000",
            "nonInterestIncome": "4600000",
            "otherNonOperatingIncome": "35600000",
            "depreciation": "95200000",
            "depreciationAndAmortization": "95200000",
            "incomeBeforeTax": "392700000",
            "incomeTaxExpense": "24500000",
            "interestAndDebtExpense": "62100000",
            "netIncomeFromContinuingOperations": "430300000",
            "comprehensiveIncomeNetOfTax": "331200000",
            "ebit": "431300000",
            "ebitda": "526500000",
            "netIncome": "368200000"
        },
        {
            "fiscalDateEnding": "2020-12-31",
            "reportedCurrency": "USD",
            "grossProfit": "3426100000",
            "totalRevenue": "3426100000",
            "costOfRevenue": "346000000",
            "costofGoodsAndServicesSold": "2991100000",
            "operatingIncome": "5600000",
            "sellingGeneralAndAdministrative": "189200000",
            "researchAndDevelopment": "4000000",
            "operatingExpenses": "353900000",
            "investmentIncomeNet": "0",
            "netInterestIncome": "-240500000",
            "interestIncome": "-215500000",
            "interestExpense": "25000000",
            "nonInterestIncome": "14700000",
            "otherNonOperatingIncome": "45400000",
            "depreciation": "86400000",
            "depreciationAndAmortization": "111700000",
            "incomeBeforeTax": "-33400000",
            "incomeTaxExpense": "5900000",
            "interestAndDebtExpense": "240500000",
            "netIncomeFromContinuingOperations": "-75500000",
            "comprehensiveIncomeNetOfTax": "-52700000",
            "ebit": "-8400000",
            "ebitda": "259000000",
            "netIncome": "-39300000"
        },
        {
            "fiscalDateEnding": "2020-09-30",
            "reportedCurrency": "USD",
            "grossProfit": "2991700000",
            "totalRevenue": "1727500000",
            "costOfRevenue": "344000000",
            "costofGoodsAndServicesSold": "2875600000",
            "operatingIncome": "13300000",
            "sellingGeneralAndAdministrative": "181800000",
            "researchAndDevelopment": "20800000",
            "operatingExpenses": "379400000",
            "investmentIncomeNet": "0",
            "netInterestIncome": "-30800000",
            "interestIncome": "18800000",
            "interestExpense": "30800000",
            "nonInterestIncome": "5600000",
            "otherNonOperatingIncome": "7900000",
            "depreciation": "69300000",
            "depreciationAndAmortization": "108500000",
            "incomeBeforeTax": "5200000",
            "incomeTaxExpense": "9100000",
            "interestAndDebtExpense": "30800000",
            "netIncomeFromContinuingOperations": "-64700000",
            "comprehensiveIncomeNetOfTax": "32800000",
            "ebit": "36000000",
            "ebitda": "218900000",
            "netIncome": "-3900000"
        },
        {
            "fiscalDateEnding": "2020-06-30",
            "reportedCurrency": "USD",
            "grossProfit": "2783300000",
            "totalRevenue": "1620200000",
            "costOfRevenue": "375200000",
            "costofGoodsAndServicesSold": "2641000000",
            "operatingIncome": "-89000000",
            "sellingGeneralAndAdministrative": "157800000",
            "researchAndDevelopment": "25100000",
            "operatingExpenses": "413400000",
            "investmentIncomeNet": "0",
            "netInterestIncome": "-45500000",
            "interestIncome": "10600000",
            "interestExpense": "45500000",
            "nonInterestIncome": "-5800000",
            "otherNonOperatingIncome": "-20300000",
            "depreciation": "74600000",
            "depreciationAndAmortization": "106600000",
            "incomeBeforeTax": "39300000",
            "incomeTaxExpense": "27600000",
            "interestAndDebtExpense": "45500000",
            "netIncomeFromContinuingOperations": "-177600000",
            "comprehensiveIncomeNetOfTax": "67600000",
            "ebit": "84800000",
            "ebitda": "210400000",
            "netIncome": "11700000"
        },
        {
            "fiscalDateEnding": "2020-03-31",
            "reportedCurrency": "USD",
            "grossProfit": "-372000000",
            "totalRevenue": "1582600000",
            "costOfRevenue": "3502300000",
            "costofGoodsAndServicesSold": "2701700000",
            "operatingIncome": "-3174700000",
            "sellingGeneralAndAdministrative": "195300000",
            "researchAndDevelopment": "25400000",
            "operatingExpenses": "3537500000",
            "investmentIncomeNet": "0",
            "netInterestIncome": "-32800000",
            "interestIncome": "140300000",
            "interestExpense": "32800000",
            "nonInterestIncome": "-23100000",
            "otherNonOperatingIncome": "-7900000",
            "depreciation": "78400000",
            "depreciationAndAmortization": "120400000",
            "incomeBeforeTax": "-3279300000",
            "incomeTaxExpense": "-23200000",
            "interestAndDebtExpense": "32800000",
            "netIncomeFromContinuingOperations": "-3234800000",
            "comprehensiveIncomeNetOfTax": "-3550300000",
            "ebit": "-3246500000",
            "ebitda": "-3025700000",
            "netIncome": "-3256100000"
        },
        {
            "fiscalDateEnding": "2019-12-31",
            "reportedCurrency": "USD",
            "grossProfit": "3726800000",
            "totalRevenue": "3726800000",
            "costOfRevenue": "2633200000",
            "costofGoodsAndServicesSold": "3067200000",
            "operatingIncome": "-2926800000",
            "sellingGeneralAndAdministrative": "-124000000",
            "researchAndDevelopment": "39500000",
            "operatingExpenses": "2989400000",
            "investmentIncomeNet": "None",
            "netInterestIncome": "-106000000",
            "interestIncome": "2000000",
            "interestExpense": "222500000",
            "nonInterestIncome": "-64100000",
            "otherNonOperatingIncome": "-25100000",
            "depreciation": "80500000",
            "depreciationAndAmortization": "131100000",
            "incomeBeforeTax": "-2431500000",
            "incomeTaxExpense": "-17500000",
            "interestAndDebtExpense": "None",
            "netIncomeFromContinuingOperations": "-2663700000",
            "comprehensiveIncomeNetOfTax": "-2382000000",
            "ebit": "-2926800000",
            "ebitda": "-1880600000",
            "netIncome": "-2414000000"
        },
        {
            "fiscalDateEnding": "2019-09-30",
            "reportedCurrency": "USD",
            "grossProfit": "2890500000",
            "totalRevenue": "3335100000",
            "costOfRevenue": "444600000",
            "costofGoodsAndServicesSold": "2726400000",
            "operatingIncome": "211100000",
            "sellingGeneralAndAdministrative": "298100000",
            "researchAndDevelopment": "40600000",
            "operatingExpenses": "485200000",
            "investmentIncomeNet": "None",
            "netInterestIncome": "-116500000",
            "interestIncome": "66500000",
            "interestExpense": "116500000",
            "nonInterestIncome": "-53200000",
            "otherNonOperatingIncome": "-57700000",
            "depreciation": "106300000",
            "depreciationAndAmortization": "141600000",
            "incomeBeforeTax": "-38000000",
            "incomeTaxExpense": "81100000",
            "interestAndDebtExpense": "None",
            "netIncomeFromContinuingOperations": "-115300000",
            "comprehensiveIncomeNetOfTax": "-210300000",
            "ebit": "211100000",
            "ebitda": "220100000",
            "netIncome": "-119100000"
        },
        {
            "fiscalDateEnding": "2019-06-30",
            "reportedCurrency": "USD",
            "grossProfit": "3088300000",
            "totalRevenue": "3434200000",
            "costOfRevenue": "345900000",
            "costofGoodsAndServicesSold": "2745200000",
            "operatingIncome": "394100000",
            "sellingGeneralAndAdministrative": "323800000",
            "researchAndDevelopment": "29500000",
            "operatingExpenses": "375400000",
            "investmentIncomeNet": "None",
            "netInterestIncome": "-140600000",
            "interestIncome": "4000000",
            "interestExpense": "140600000",
            "nonInterestIncome": "-18000000",
            "otherNonOperatingIncome": "-72600000",
            "depreciation": "87300000",
            "depreciationAndAmortization": "117500000",
            "incomeBeforeTax": "97900000",
            "incomeTaxExpense": "900000",
            "interestAndDebtExpense": "None",
            "netIncomeFromContinuingOperations": "113700000",
            "comprehensiveIncomeNetOfTax": "71700000",
            "ebit": "394100000",
            "ebitda": "356000000",
            "netIncome": "97000000"
        },
        {
            "fiscalDateEnding": "2019-03-31",
            "reportedCurrency": "USD",
            "grossProfit": "2598700000",
            "totalRevenue": "2913000000",
            "costOfRevenue": "314300000",
            "costofGoodsAndServicesSold": "2411900000",
            "operatingIncome": "216100000",
            "sellingGeneralAndAdministrative": "297800000",
            "researchAndDevelopment": "39900000",
            "operatingExpenses": "354200000",
            "investmentIncomeNet": "None",
            "netInterestIncome": "-88200000",
            "interestIncome": "14100000",
            "interestExpense": "88200000",
            "nonInterestIncome": "-11600000",
            "otherNonOperatingIncome": "-26200000",
            "depreciation": "88900000",
            "depreciationAndAmortization": "119400000",
            "incomeBeforeTax": "35400000",
            "incomeTaxExpense": "14500000",
            "interestAndDebtExpense": "None",
            "netIncomeFromContinuingOperations": "19800000",
            "comprehensiveIncomeNetOfTax": "57600000",
            "ebit": "216100000",
            "ebitda": "243000000",
            "netIncome": "20900000"
        },
        {
            "fiscalDateEnding": "2018-12-31",
            "reportedCurrency": "USD",
            "grossProfit": "3323000000",
            "totalRevenue": "3323000000",
            "costOfRevenue": "2148100000",
            "costofGoodsAndServicesSold": "2767700000",
            "operatingIncome": "-1494300000",
            "sellingGeneralAndAdministrative": "305500000",
            "researchAndDevelopment": "55900000",
            "operatingExpenses": "2160000000",
            "investmentIncomeNet": "None",
            "netInterestIncome": "None",
            "interestIncome": "None",
            "interestExpense": "238000000",
            "nonInterestIncome": "None",
            "otherNonOperatingIncome": "-311300000",
            "depreciation": "91500000",
            "depreciationAndAmortization": "137900000",
            "incomeBeforeTax": "-2017300000",
            "incomeTaxExpense": "242000000",
            "interestAndDebtExpense": "None",
            "netIncomeFromContinuingOperations": "3323000000",
            "comprehensiveIncomeNetOfTax": "-2305100000",
            "ebit": "-1494300000",
            "ebitda": "-1641400000",
            "netIncome": "-2259300000"
        },
        {
            "fiscalDateEnding": "2018-09-30",
            "reportedCurrency": "USD",
            "grossProfit": "2852600000",
            "totalRevenue": "3143800000",
            "costOfRevenue": "291200000",
            "costofGoodsAndServicesSold": "2558500000",
            "operatingIncome": "375000000",
            "sellingGeneralAndAdministrative": "250600000",
            "researchAndDevelopment": "38600000",
            "operatingExpenses": "298900000",
            "investmentIncomeNet": "None",
            "netInterestIncome": "None",
            "interestIncome": "None",
            "interestExpense": "106000000",
            "nonInterestIncome": "27800000",
            "otherNonOperatingIncome": "10400000",
            "depreciation": "96700000",
            "depreciationAndAmortization": "142000000",
            "incomeBeforeTax": "203600000",
            "incomeTaxExpense": "66700000",
            "interestAndDebtExpense": "None",
            "netIncomeFromContinuingOperations": "134200000",
            "comprehensiveIncomeNetOfTax": "3100000",
            "ebit": "375000000",
            "ebitda": "451600000",
            "netIncome": "136900000"
        }
    ]
}