{
    "symbol": "HL",
    "annualReports": [
        {
            "fiscalDateEnding": "2022-12-31",
            "reportedCurrency": "USD",
            "grossProfit": "116156000",
            "totalRevenue": "685322000",
            "costOfRevenue": "668021000",
            "costofGoodsAndServicesSold": "602749000",
            "operatingIncome": "12438000",
            "sellingGeneralAndAdministrative": "43384000",
            "researchAndDevelopment": "None",
            "operatingExpenses": "128594000",
            "investmentIncomeNet": "None",
            "netInterestIncome": "-42793000",
            "interestIncome": "40305000",
            "interestExpense": "42793000",
            "nonInterestIncome": "728115000",
            "otherNonOperatingIncome": "-7829000",
            "depreciation": "None",
            "depreciationAndAmortization": "7100000",
            "incomeBeforeTax": "-29782000",
            "incomeTaxExpense": "7566000",
            "interestAndDebtExpense": "42793000",
            "netIncomeFromContinuingOperations": "-52480000",
            "comprehensiveIncomeNetOfTax": "-6444000",
            "ebit": "13011000",
            "ebitda": "20111000",
            "netIncome": "-37348000"
        },
        {
            "fiscalDateEnding": "2021-12-31",
            "reportedCurrency": "USD",
            "grossProfit": "217801000",
            "totalRevenue": "765607000",
            "costOfRevenue": "654164000",
            "costofGoodsAndServicesSold": "589672000",
            "operatingIncome": "83420000",
            "sellingGeneralAndAdministrative": "34570000",
            "researchAndDevelopment": "None",
            "operatingExpenses": "134381000",
            "investmentIncomeNet": "None",
            "netInterestIncome": "-41945000",
            "interestIncome": "77320000",
            "interestExpense": "41945000",
            "nonInterestIncome": "807552000",
            "otherNonOperatingIncome": "-574000",
            "depreciation": "None",
            "depreciationAndAmortization": "8900000",
            "incomeBeforeTax": "64664000",
            "incomeTaxExpense": "29569000",
            "interestAndDebtExpense": "41945000",
            "netIncomeFromContinuingOperations": "35095000",
            "comprehensiveIncomeNetOfTax": "39528000",
            "ebit": "106609000",
            "ebitda": "115509000",
            "netIncome": "35095000"
        },
        {
            "fiscalDateEnding": "2020-12-31",
            "reportedCurrency": "USD",
            "grossProfit": "161100000",
            "totalRevenue": "616978000",
            "costOfRevenue": "598992000",
            "costofGoodsAndServicesSold": "530773000",
            "operatingIncome": "66978000",
            "sellingGeneralAndAdministrative": "35561000",
            "researchAndDevelopment": "0",
            "operatingExpenses": "94122000",
            "investmentIncomeNet": "None",
            "netInterestIncome": "-49569000",
            "interestIncome": "68236000",
            "interestExpense": "49569000",
            "nonInterestIncome": "666547000",
            "otherNonOperatingIncome": "-2256000",
            "depreciation": "None",
            "depreciationAndAmortization": "7400000",
            "incomeBeforeTax": "-17656000",
            "incomeTaxExpense": "-8199000",
            "interestAndDebtExpense": "49569000",
            "netIncomeFromContinuingOperations": "-16790000",
            "comprehensiveIncomeNetOfTax": "-5036000",
            "ebit": "31913000",
            "ebitda": "39313000",
            "netIncome": "-9457000"
        },
        {
            "fiscalDateEnding": "2019-12-31",
            "reportedCurrency": "USD",
            "grossProfit": "33830000",
            "totalRevenue": "608180000",
            "costOfRevenue": "704056000",
            "costofGoodsAndServicesSold": "639436000",
            "operatingIncome": "-46678000",
            "sellingGeneralAndAdministrative": "35832000",
            "researchAndDevelopment": "535000",
            "operatingExpenses": "80508000",
            "investmentIncomeNet": "None",
            "netInterestIncome": "-48447000",
            "interestIncome": "66549000",
            "interestExpense": "48447000",
            "nonInterestIncome": "656627000",
            "otherNonOperatingIncome": "-4429000",
            "depreciation": "None",
            "depreciationAndAmortization": "5900000",
            "incomeBeforeTax": "-113227000",
            "incomeTaxExpense": "-18318000",
            "interestAndDebtExpense": "48447000",
            "netIncomeFromContinuingOperations": "-99557000",
            "comprehensiveIncomeNetOfTax": "-89750000",
            "ebit": "-64780000",
            "ebitda": "-58880000",
            "netIncome": "-94909000"
        },
        {
            "fiscalDateEnding": "2018-12-31",
            "reportedCurrency": "USD",
            "grossProfit": "79099000",
            "totalRevenue": "576343000",
            "costOfRevenue": "546039000",
            "costofGoodsAndServicesSold": "488038000",
            "operatingIncome": "-39126000",
            "sellingGeneralAndAdministrative": "36542000",
            "researchAndDevelopment": "5441000",
            "operatingExpenses": "118225000",
            "investmentIncomeNet": "None",
            "netInterestIncome": "-40944000",
            "interestIncome": "907000",
            "interestExpense": "40944000",
            "nonInterestIncome": "617287000",
            "otherNonOperatingIncome": "-907000",
            "depreciation": "None",
            "depreciationAndAmortization": "5300000",
            "incomeBeforeTax": "-33264000",
            "incomeTaxExpense": "-6701000",
            "interestAndDebtExpense": "40944000",
            "netIncomeFromContinuingOperations": "-26563000",
            "comprehensiveIncomeNetOfTax": "-44370000",
            "ebit": "7680000",
            "ebitda": "12980000",
            "netIncome": "-26563000"
        }
    ],
    "quarterlyReports": [
        {
            "fiscalDateEnding": "2023-03-31",
            "reportedCurrency": "USD",
            "grossProfit": "34948000",
            "totalRevenue": "191553000",
            "costOfRevenue": "177666000",
            "costofGoodsAndServicesSold": "164552000",
            "operatingIncome": "5553000",
            "sellingGeneralAndAdministrative": "12070000",
            "researchAndDevelopment": "None",
            "operatingExpenses": "29395000",
            "investmentIncomeNet": "None",
            "netInterestIncome": "-10165000",
            "interestIncome": "6876000",
            "interestExpense": "10165000",
            "nonInterestIncome": "201718000",
            "otherNonOperatingIncome": "1392000",
            "depreciation": "None",
            "depreciationAndAmortization": "39892000",
            "incomeBeforeTax": "69000",
            "incomeTaxExpense": "3242000",
            "interestAndDebtExpense": "10165000",
            "netIncomeFromContinuingOperations": "-3173000",
            "comprehensiveIncomeNetOfTax": "3343000",
            "ebit": "10234000",
            "ebitda": "59217000",
            "netIncome": "-3173000"
        },
        {
            "fiscalDateEnding": "2022-12-31",
            "reportedCurrency": "USD",
            "grossProfit": "25017000",
            "totalRevenue": "184674000",
            "costOfRevenue": "201937000",
            "costofGoodsAndServicesSold": "169808000",
            "operatingIncome": "15427000",
            "sellingGeneralAndAdministrative": "14395000",
            "researchAndDevelopment": "None",
            "operatingExpenses": "34466000",
            "investmentIncomeNet": "None",
            "netInterestIncome": "-11008000",
            "interestIncome": "280000",
            "interestExpense": "11008000",
            "nonInterestIncome": "195682000",
            "otherNonOperatingIncome": "-12657000",
            "depreciation": "None",
            "depreciationAndAmortization": "38404000",
            "incomeBeforeTax": "6756000",
            "incomeTaxExpense": "11208000",
            "interestAndDebtExpense": "11008000",
            "netIncomeFromContinuingOperations": "-19584000",
            "comprehensiveIncomeNetOfTax": "6961000",
            "ebit": "17764000",
            "ebitda": "42522000",
            "netIncome": "-4452000"
        },
        {
            "fiscalDateEnding": "2022-09-30",
            "reportedCurrency": "USD",
            "grossProfit": "8447000",
            "totalRevenue": "141132000",
            "costOfRevenue": "150676000",
            "costofGoodsAndServicesSold": "137892000",
            "operatingIncome": "-25459000",
            "sellingGeneralAndAdministrative": "11003000",
            "researchAndDevelopment": "None",
            "operatingExpenses": "33906000",
            "investmentIncomeNet": "None",
            "netInterestIncome": "-10874000",
            "interestIncome": "9447000",
            "interestExpense": "10874000",
            "nonInterestIncome": "152006000",
            "otherNonOperatingIncome": "1853000",
            "depreciation": "None",
            "depreciationAndAmortization": "33087000",
            "incomeBeforeTax": "-33053000",
            "incomeTaxExpense": "-9527000",
            "interestAndDebtExpense": "10874000",
            "netIncomeFromContinuingOperations": "-23526000",
            "comprehensiveIncomeNetOfTax": "-36218000",
            "ebit": "-22179000",
            "ebitda": "11262000",
            "netIncome": "-23526000"
        },
        {
            "fiscalDateEnding": "2022-06-30",
            "reportedCurrency": "USD",
            "grossProfit": "37263000",
            "totalRevenue": "185219000",
            "costOfRevenue": "165143000",
            "costofGoodsAndServicesSold": "153979000",
            "operatingIncome": "7712000",
            "sellingGeneralAndAdministrative": "9692000",
            "researchAndDevelopment": "None",
            "operatingExpenses": "29551000",
            "investmentIncomeNet": "None",
            "netInterestIncome": "-10505000",
            "interestIncome": "22451000",
            "interestExpense": "10505000",
            "nonInterestIncome": "195724000",
            "otherNonOperatingIncome": "1470000",
            "depreciation": "None",
            "depreciationAndAmortization": "38200000",
            "incomeBeforeTax": "-13269000",
            "incomeTaxExpense": "254000",
            "interestAndDebtExpense": "10505000",
            "netIncomeFromContinuingOperations": "-13523000",
            "comprehensiveIncomeNetOfTax": "51825000",
            "ebit": "-2764000",
            "ebitda": "48854000",
            "netIncome": "-13523000"
        },
        {
            "fiscalDateEnding": "2022-03-31",
            "reportedCurrency": "USD",
            "grossProfit": "45429000",
            "totalRevenue": "173813000",
            "costOfRevenue": "149364000",
            "costofGoodsAndServicesSold": "141070000",
            "operatingIncome": "14758000",
            "sellingGeneralAndAdministrative": "8294000",
            "researchAndDevelopment": "None",
            "operatingExpenses": "30671000",
            "investmentIncomeNet": "None",
            "netInterestIncome": "-10406000",
            "interestIncome": "6479000",
            "interestExpense": "10406000",
            "nonInterestIncome": "184219000",
            "otherNonOperatingIncome": "1505000",
            "depreciation": "None",
            "depreciationAndAmortization": "37862000",
            "incomeBeforeTax": "9784000",
            "incomeTaxExpense": "5631000",
            "interestAndDebtExpense": "10406000",
            "netIncomeFromContinuingOperations": "4153000",
            "comprehensiveIncomeNetOfTax": "-29012000",
            "ebit": "20190000",
            "ebitda": "52620000",
            "netIncome": "4153000"
        },
        {
            "fiscalDateEnding": "2021-12-31",
            "reportedCurrency": "USD",
            "grossProfit": "53241000",
            "totalRevenue": "180003000",
            "costOfRevenue": "156047000",
            "costofGoodsAndServicesSold": "131837000",
            "operatingIncome": "21821000",
            "sellingGeneralAndAdministrative": "6585000",
            "researchAndDevelopment": "None",
            "operatingExpenses": "31420000",
            "investmentIncomeNet": "None",
            "netInterestIncome": "-10461000",
            "interestIncome": "35209000",
            "interestExpense": "10461000",
            "nonInterestIncome": "190464000",
            "otherNonOperatingIncome": "-382000",
            "depreciation": "None",
            "depreciationAndAmortization": "32851000",
            "incomeBeforeTax": "45368000",
            "incomeTaxExpense": "33493000",
            "interestAndDebtExpense": "10461000",
            "netIncomeFromContinuingOperations": "11875000",
            "comprehensiveIncomeNetOfTax": "19123000",
            "ebit": "55829000",
            "ebitda": "29542000",
            "netIncome": "11875000"
        },
        {
            "fiscalDateEnding": "2021-09-30",
            "reportedCurrency": "USD",
            "grossProfit": "35228000",
            "totalRevenue": "199234000",
            "costOfRevenue": "174770000",
            "costofGoodsAndServicesSold": "158332000",
            "operatingIncome": "-8572000",
            "sellingGeneralAndAdministrative": "8874000",
            "researchAndDevelopment": "3433000",
            "operatingExpenses": "43800000",
            "investmentIncomeNet": "None",
            "netInterestIncome": "-10469000",
            "interestIncome": "2813000",
            "interestExpense": "10469000",
            "nonInterestIncome": "209703000",
            "otherNonOperatingIncome": "247000",
            "depreciation": "None",
            "depreciationAndAmortization": "41679000",
            "incomeBeforeTax": "-5512000",
            "incomeTaxExpense": "-4533000",
            "interestAndDebtExpense": "10469000",
            "netIncomeFromContinuingOperations": "-979000",
            "comprehensiveIncomeNetOfTax": "-7246000",
            "ebit": "4957000",
            "ebitda": "46636000",
            "netIncome": "-979000"
        },
        {
            "fiscalDateEnding": "2021-06-30",
            "reportedCurrency": "USD",
            "grossProfit": "61931000",
            "totalRevenue": "188492000",
            "costOfRevenue": "170851000",
            "costofGoodsAndServicesSold": "156052000",
            "operatingIncome": "29142000",
            "sellingGeneralAndAdministrative": "11104000",
            "researchAndDevelopment": "2874000",
            "operatingExpenses": "32789000",
            "investmentIncomeNet": "None",
            "netInterestIncome": "-10271000",
            "interestIncome": "30519000",
            "interestExpense": "10271000",
            "nonInterestIncome": "198763000",
            "otherNonOperatingIncome": "-287000",
            "depreciation": "None",
            "depreciationAndAmortization": "48575000",
            "incomeBeforeTax": "-1386000",
            "incomeTaxExpense": "-4134000",
            "interestAndDebtExpense": "10271000",
            "netIncomeFromContinuingOperations": "785000",
            "comprehensiveIncomeNetOfTax": "4368000",
            "ebit": "8885000",
            "ebitda": "54789000",
            "netIncome": "2748000"
        },
        {
            "fiscalDateEnding": "2021-03-31",
            "reportedCurrency": "USD",
            "grossProfit": "67401000",
            "totalRevenue": "198826000",
            "costOfRevenue": "157756000",
            "costofGoodsAndServicesSold": "143451000",
            "operatingIncome": "41029000",
            "sellingGeneralAndAdministrative": "8007000",
            "researchAndDevelopment": "739000",
            "operatingExpenses": "26372000",
            "investmentIncomeNet": "None",
            "netInterestIncome": "-10744000",
            "interestIncome": "14844000",
            "interestExpense": "10744000",
            "nonInterestIncome": "209570000",
            "otherNonOperatingIncome": "-152000",
            "depreciation": "None",
            "depreciationAndAmortization": "49546000",
            "incomeBeforeTax": "26194000",
            "incomeTaxExpense": "4743000",
            "interestAndDebtExpense": "10744000",
            "netIncomeFromContinuingOperations": "18971000",
            "comprehensiveIncomeNetOfTax": "23283000",
            "ebit": "36938000",
            "ebitda": "83895000",
            "netIncome": "21451000"
        },
        {
            "fiscalDateEnding": "2020-12-31",
            "reportedCurrency": "USD",
            "grossProfit": "50912000",
            "totalRevenue": "163438000",
            "costOfRevenue": "164497000",
            "costofGoodsAndServicesSold": "137978000",
            "operatingIncome": "28927000",
            "sellingGeneralAndAdministrative": "7930000",
            "researchAndDevelopment": "0",
            "operatingExpenses": "21985000",
            "investmentIncomeNet": "None",
            "netInterestIncome": "-10650000",
            "interestIncome": "25605000",
            "interestExpense": "10650000",
            "nonInterestIncome": "174088000",
            "otherNonOperatingIncome": "-115000",
            "depreciation": "None",
            "depreciationAndAmortization": "37115000",
            "incomeBeforeTax": "-12517000",
            "incomeTaxExpense": "-15622000",
            "interestAndDebtExpense": "10650000",
            "netIncomeFromContinuingOperations": "795000",
            "comprehensiveIncomeNetOfTax": "10327000",
            "ebit": "-1867000",
            "ebitda": "47498000",
            "netIncome": "3105000"
        },
        {
            "fiscalDateEnding": "2020-09-30",
            "reportedCurrency": "USD",
            "grossProfit": "58688000",
            "totalRevenue": "180076000",
            "costOfRevenue": "159184000",
            "costofGoodsAndServicesSold": "141015000",
            "operatingIncome": "36515000",
            "sellingGeneralAndAdministrative": "11713000",
            "researchAndDevelopment": "0",
            "operatingExpenses": "22173000",
            "investmentIncomeNet": "None",
            "netInterestIncome": "-10779000",
            "interestIncome": "16068000",
            "interestExpense": "10779000",
            "nonInterestIncome": "190855000",
            "otherNonOperatingIncome": "-392000",
            "depreciation": "None",
            "depreciationAndAmortization": "42726000",
            "incomeBeforeTax": "20461000",
            "incomeTaxExpense": "5181000",
            "interestAndDebtExpense": "10779000",
            "netIncomeFromContinuingOperations": "13628000",
            "comprehensiveIncomeNetOfTax": "21430000",
            "ebit": "31240000",
            "ebitda": "68766000",
            "netIncome": "15280000"
        },
        {
            "fiscalDateEnding": "2020-06-30",
            "reportedCurrency": "USD",
            "grossProfit": "38110000",
            "totalRevenue": "136642000",
            "costOfRevenue": "140298000",
            "costofGoodsAndServicesSold": "128245000",
            "operatingIncome": "13905000",
            "sellingGeneralAndAdministrative": "6979000",
            "researchAndDevelopment": "0",
            "operatingExpenses": "23528000",
            "investmentIncomeNet": "None",
            "netInterestIncome": "-11829000",
            "interestIncome": "23276000",
            "interestExpense": "11829000",
            "nonInterestIncome": "148471000",
            "otherNonOperatingIncome": "-1326000",
            "depreciation": "None",
            "depreciationAndAmortization": "1800000",
            "incomeBeforeTax": "-9371000",
            "incomeTaxExpense": "2646000",
            "interestAndDebtExpense": "11829000",
            "netIncomeFromContinuingOperations": "-14028000",
            "comprehensiveIncomeNetOfTax": "-1633000",
            "ebit": "2458000",
            "ebitda": "4258000",
            "netIncome": "-12017000"
        },
        {
            "fiscalDateEnding": "2020-03-31",
            "reportedCurrency": "USD",
            "grossProfit": "13390000",
            "totalRevenue": "136677000",
            "costOfRevenue": "136513000",
            "costofGoodsAndServicesSold": "123535000",
            "operatingIncome": "-13046000",
            "sellingGeneralAndAdministrative": "8939000",
            "researchAndDevelopment": "0",
            "operatingExpenses": "26436000",
            "investmentIncomeNet": "None",
            "netInterestIncome": "-16311000",
            "interestIncome": "3287000",
            "interestExpense": "16311000",
            "nonInterestIncome": "152988000",
            "otherNonOperatingIncome": "-423000",
            "depreciation": "None",
            "depreciationAndAmortization": "1500000",
            "incomeBeforeTax": "-16229000",
            "incomeTaxExpense": "-405000",
            "interestAndDebtExpense": "16311000",
            "netIncomeFromContinuingOperations": "-17185000",
            "comprehensiveIncomeNetOfTax": "-35159000",
            "ebit": "82000",
            "ebitda": "1582000",
            "netIncome": "-15824000"
        },
        {
            "fiscalDateEnding": "2019-12-31",
            "reportedCurrency": "USD",
            "grossProfit": "35749000",
            "totalRevenue": "206384000",
            "costOfRevenue": "217739000",
            "costofGoodsAndServicesSold": "189196000",
            "operatingIncome": "18036000",
            "sellingGeneralAndAdministrative": "8977000",
            "researchAndDevelopment": "-79000",
            "operatingExpenses": "17713000",
            "investmentIncomeNet": "None",
            "netInterestIncome": "-14670000",
            "interestIncome": "19673000",
            "interestExpense": "14670000",
            "nonInterestIncome": "221054000",
            "otherNonOperatingIncome": "-1022000",
            "depreciation": "None",
            "depreciationAndAmortization": "800000",
            "incomeBeforeTax": "-1637000",
            "incomeTaxExpense": "1691000",
            "interestAndDebtExpense": "14670000",
            "netIncomeFromContinuingOperations": "-7976000",
            "comprehensiveIncomeNetOfTax": "-2680000",
            "ebit": "13033000",
            "ebitda": "13833000",
            "netIncome": "-3328000"
        },
        {
            "fiscalDateEnding": "2019-09-30",
            "reportedCurrency": "USD",
            "grossProfit": "14880000",
            "totalRevenue": "145786000",
            "costOfRevenue": "156720000",
            "costofGoodsAndServicesSold": "146652000",
            "operatingIncome": "-5113000",
            "sellingGeneralAndAdministrative": "7978000",
            "researchAndDevelopment": "53000",
            "operatingExpenses": "19993000",
            "investmentIncomeNet": "None",
            "netInterestIncome": "-11777000",
            "interestIncome": "16017000",
            "interestExpense": "11777000",
            "nonInterestIncome": "157563000",
            "otherNonOperatingIncome": "-1096000",
            "depreciation": "None",
            "depreciationAndAmortization": "1700000",
            "incomeBeforeTax": "-21130000",
            "incomeTaxExpense": "-1614000",
            "interestAndDebtExpense": "11777000",
            "netIncomeFromContinuingOperations": "-19516000",
            "comprehensiveIncomeNetOfTax": "-22804000",
            "ebit": "-9353000",
            "ebitda": "-7653000",
            "netIncome": "-19516000"
        },
        {
            "fiscalDateEnding": "2019-06-30",
            "reportedCurrency": "USD",
            "grossProfit": "-20243000",
            "totalRevenue": "117612000",
            "costOfRevenue": "164782000",
            "costofGoodsAndServicesSold": "154415000",
            "operatingIncome": "-43477000",
            "sellingGeneralAndAdministrative": "8918000",
            "researchAndDevelopment": "158000",
            "operatingExpenses": "23234000",
            "investmentIncomeNet": "None",
            "netInterestIncome": "-11335000",
            "interestIncome": "14234000",
            "interestExpense": "11335000",
            "nonInterestIncome": "128947000",
            "otherNonOperatingIncome": "-1187000",
            "depreciation": "None",
            "depreciationAndAmortization": "1800000",
            "incomeBeforeTax": "-57711000",
            "incomeTaxExpense": "-11179000",
            "interestAndDebtExpense": "11335000",
            "netIncomeFromContinuingOperations": "-46532000",
            "comprehensiveIncomeNetOfTax": "-42992000",
            "ebit": "-46376000",
            "ebitda": "-44576000",
            "netIncome": "-46532000"
        },
        {
            "fiscalDateEnding": "2019-03-31",
            "reportedCurrency": "USD",
            "grossProfit": "3444000",
            "totalRevenue": "134603000",
            "costOfRevenue": "161315000",
            "costofGoodsAndServicesSold": "149173000",
            "operatingIncome": "-16124000",
            "sellingGeneralAndAdministrative": "9959000",
            "researchAndDevelopment": "403000",
            "operatingExpenses": "19568000",
            "investmentIncomeNet": "None",
            "netInterestIncome": "-10665000",
            "interestIncome": "16625000",
            "interestExpense": "10665000",
            "nonInterestIncome": "145268000",
            "otherNonOperatingIncome": "-1124000",
            "depreciation": "None",
            "depreciationAndAmortization": "1600000",
            "incomeBeforeTax": "-32749000",
            "incomeTaxExpense": "-7216000",
            "interestAndDebtExpense": "10665000",
            "netIncomeFromContinuingOperations": "-25533000",
            "comprehensiveIncomeNetOfTax": "-21274000",
            "ebit": "-22084000",
            "ebitda": "-20484000",
            "netIncome": "-25533000"
        },
        {
            "fiscalDateEnding": "2018-12-31",
            "reportedCurrency": "USD",
            "grossProfit": "-1265000",
            "totalRevenue": "130068000",
            "costOfRevenue": "153747000",
            "costofGoodsAndServicesSold": "137785000",
            "operatingIncome": "-24455000",
            "sellingGeneralAndAdministrative": "8693000",
            "researchAndDevelopment": "399000",
            "operatingExpenses": "23190000",
            "investmentIncomeNet": "None",
            "netInterestIncome": "-10925000",
            "interestIncome": "None",
            "interestExpense": "10925000",
            "nonInterestIncome": "140993000",
            "otherNonOperatingIncome": "-613000",
            "depreciation": "None",
            "depreciationAndAmortization": "32091000",
            "incomeBeforeTax": "-28910000",
            "incomeTaxExpense": "-5217000",
            "interestAndDebtExpense": "10925000",
            "netIncomeFromContinuingOperations": "-23693000",
            "comprehensiveIncomeNetOfTax": "-37980000",
            "ebit": "-17985000",
            "ebitda": "14106000",
            "netIncome": "-23693000"
        },
        {
            "fiscalDateEnding": "2018-09-30",
            "reportedCurrency": "USD",
            "grossProfit": "6576000",
            "totalRevenue": "153959000",
            "costOfRevenue": "155391000",
            "costofGoodsAndServicesSold": "137073000",
            "operatingIncome": "-30376000",
            "sellingGeneralAndAdministrative": "10327000",
            "researchAndDevelopment": "1269000",
            "operatingExpenses": "36952000",
            "investmentIncomeNet": "None",
            "netInterestIncome": "-10146000",
            "interestIncome": "None",
            "interestExpense": "10146000",
            "nonInterestIncome": "164105000",
            "otherNonOperatingIncome": "-346000",
            "depreciation": "None",
            "depreciationAndAmortization": "45962000",
            "incomeBeforeTax": "-25863000",
            "incomeTaxExpense": "-2679000",
            "interestAndDebtExpense": "10146000",
            "netIncomeFromContinuingOperations": "-23184000",
            "comprehensiveIncomeNetOfTax": "-19438000",
            "ebit": "-15717000",
            "ebitda": "30245000",
            "netIncome": "-23184000"
        },
        {
            "fiscalDateEnding": "2018-06-30",
            "reportedCurrency": "USD",
            "grossProfit": "35002000",
            "totalRevenue": "156460000",
            "costOfRevenue": "124474000",
            "costofGoodsAndServicesSold": "112257000",
            "operatingIncome": "3756000",
            "sellingGeneralAndAdministrative": "9787000",
            "researchAndDevelopment": "2337000",
            "operatingExpenses": "31246000",
            "investmentIncomeNet": "None",
            "netInterestIncome": "-10079000",
            "interestIncome": "None",
            "interestExpense": "10079000",
            "nonInterestIncome": "166539000",
            "otherNonOperatingIncome": "108000",
            "depreciation": "None",
            "depreciationAndAmortization": "33362000",
            "incomeBeforeTax": "12501000",
            "incomeTaxExpense": "427000",
            "interestAndDebtExpense": "10079000",
            "netIncomeFromContinuingOperations": "12074000",
            "comprehensiveIncomeNetOfTax": "6912000",
            "ebit": "22580000",
            "ebitda": "55942000",
            "netIncome": "12074000"
        }
    ]
}