{
    "symbol": "INTL",
    "annualReports": [
        {
            "fiscalDateEnding": "2022-09-30",
            "reportedCurrency": "USD",
            "grossProfit": "2107400000",
            "totalRevenue": "66036000000",
            "costOfRevenue": "63928600000",
            "costofGoodsAndServicesSold": "63928600000",
            "operatingIncome": "1469700000",
            "sellingGeneralAndAdministrative": "265400000",
            "researchAndDevelopment": "None",
            "operatingExpenses": "627800000",
            "investmentIncomeNet": "None",
            "netInterestIncome": "83500000",
            "interestIncome": "219000000",
            "interestExpense": "135500000",
            "nonInterestIncome": "4752700000",
            "otherNonOperatingIncome": "None",
            "depreciation": "30000000",
            "depreciationAndAmortization": "58800000",
            "incomeBeforeTax": "277200000",
            "incomeTaxExpense": "70100000",
            "interestAndDebtExpense": "135500000",
            "netIncomeFromContinuingOperations": "207100000",
            "comprehensiveIncomeNetOfTax": "141600000",
            "ebit": "412700000",
            "ebitda": "471500000",
            "netIncome": "207100000"
        },
        {
            "fiscalDateEnding": "2021-09-30",
            "reportedCurrency": "USD",
            "grossProfit": "1673100000",
            "totalRevenue": "42534200000",
            "costOfRevenue": "40861100000",
            "costofGoodsAndServicesSold": "40861100000",
            "operatingIncome": "1115000000",
            "sellingGeneralAndAdministrative": "205300000",
            "researchAndDevelopment": "None",
            "operatingExpenses": "540100000",
            "investmentIncomeNet": "None",
            "netInterestIncome": "52800000",
            "interestIncome": "102400000",
            "interestExpense": "49600000",
            "nonInterestIncome": "3011500000",
            "otherNonOperatingIncome": "None",
            "depreciation": "21300000",
            "depreciationAndAmortization": "51600000",
            "incomeBeforeTax": "154100000",
            "incomeTaxExpense": "37800000",
            "interestAndDebtExpense": "49600000",
            "netIncomeFromContinuingOperations": "116300000",
            "comprehensiveIncomeNetOfTax": "131300000",
            "ebit": "203700000",
            "ebitda": "255300000",
            "netIncome": "116300000"
        },
        {
            "fiscalDateEnding": "2020-09-30",
            "reportedCurrency": "USD",
            "grossProfit": "1308300000",
            "totalRevenue": "54139600000",
            "costOfRevenue": "52831300000",
            "costofGoodsAndServicesSold": "52831300000",
            "operatingIncome": "900000000",
            "sellingGeneralAndAdministrative": "133600000",
            "researchAndDevelopment": "None",
            "operatingExpenses": "395100000",
            "investmentIncomeNet": "None",
            "netInterestIncome": "50500000",
            "interestIncome": "130900000",
            "interestExpense": "80400000",
            "nonInterestIncome": "1109500000",
            "otherNonOperatingIncome": "None",
            "depreciation": "13300000",
            "depreciationAndAmortization": "25500000",
            "incomeBeforeTax": "206700000",
            "incomeTaxExpense": "37100000",
            "interestAndDebtExpense": "80400000",
            "netIncomeFromContinuingOperations": "169600000",
            "comprehensiveIncomeNetOfTax": "165000000",
            "ebit": "287100000",
            "ebitda": "312600000",
            "netIncome": "169600000"
        },
        {
            "fiscalDateEnding": "2019-09-30",
            "reportedCurrency": "USD",
            "grossProfit": "1106100000",
            "totalRevenue": "32897000000",
            "costOfRevenue": "31790900000",
            "costofGoodsAndServicesSold": "31790900000",
            "operatingIncome": "775000000",
            "sellingGeneralAndAdministrative": "132700000",
            "researchAndDevelopment": "None",
            "operatingExpenses": "320300000",
            "investmentIncomeNet": "None",
            "netInterestIncome": "44200000",
            "interestIncome": "186200000",
            "interestExpense": "142000000",
            "nonInterestIncome": "867800000",
            "otherNonOperatingIncome": "None",
            "depreciation": "11200000",
            "depreciationAndAmortization": "14000000",
            "incomeBeforeTax": "111000000",
            "incomeTaxExpense": "25900000",
            "interestAndDebtExpense": "154700000",
            "netIncomeFromContinuingOperations": "85100000",
            "comprehensiveIncomeNetOfTax": "83400000",
            "ebit": "253000000",
            "ebitda": "267000000",
            "netIncome": "85100000"
        },
        {
            "fiscalDateEnding": "2018-09-30",
            "reportedCurrency": "USD",
            "grossProfit": "975800000",
            "totalRevenue": "27622700000",
            "costOfRevenue": "26646900000",
            "costofGoodsAndServicesSold": "26646900000",
            "operatingIncome": "290800000",
            "sellingGeneralAndAdministrative": "453600000",
            "researchAndDevelopment": "None",
            "operatingExpenses": "676600000",
            "investmentIncomeNet": "None",
            "netInterestIncome": "42600000",
            "interestIncome": "113100000",
            "interestExpense": "70500000",
            "nonInterestIncome": "745900000",
            "otherNonOperatingIncome": "None",
            "depreciation": "9400000",
            "depreciationAndAmortization": "11600000",
            "incomeBeforeTax": "101500000",
            "incomeTaxExpense": "46000000",
            "interestAndDebtExpense": "80700000",
            "netIncomeFromContinuingOperations": "55500000",
            "comprehensiveIncomeNetOfTax": "46900000",
            "ebit": "172000000",
            "ebitda": "183600000",
            "netIncome": "55500000"
        }
    ],
    "quarterlyReports": [
        {
            "fiscalDateEnding": "2023-03-31",
            "reportedCurrency": "USD",
            "grossProfit": "704400000",
            "totalRevenue": "16161000000",
            "costOfRevenue": "15456600000",
            "costofGoodsAndServicesSold": "15456600000",
            "operatingIncome": "561100000",
            "sellingGeneralAndAdministrative": "65400000",
            "researchAndDevelopment": "None",
            "operatingExpenses": "141700000",
            "investmentIncomeNet": "None",
            "netInterestIncome": "48100000",
            "interestIncome": "226800000",
            "interestExpense": "178700000",
            "nonInterestIncome": "1174400000",
            "otherNonOperatingIncome": "None",
            "depreciation": "None",
            "depreciationAndAmortization": "13100000",
            "incomeBeforeTax": "57500000",
            "incomeTaxExpense": "15800000",
            "interestAndDebtExpense": "178700000",
            "netIncomeFromContinuingOperations": "41700000",
            "comprehensiveIncomeNetOfTax": "59200000",
            "ebit": "236200000",
            "ebitda": "249300000",
            "netIncome": "41700000"
        },
        {
            "fiscalDateEnding": "2022-12-31",
            "reportedCurrency": "USD",
            "grossProfit": "654800000",
            "totalRevenue": "13011600000",
            "costOfRevenue": "12356800000",
            "costofGoodsAndServicesSold": "12356800000",
            "operatingIncome": "503600000",
            "sellingGeneralAndAdministrative": "67800000",
            "researchAndDevelopment": "None",
            "operatingExpenses": "148500000",
            "investmentIncomeNet": "None",
            "netInterestIncome": "41900000",
            "interestIncome": "196200000",
            "interestExpense": "154300000",
            "nonInterestIncome": "1200600000",
            "otherNonOperatingIncome": "None",
            "depreciation": "None",
            "depreciationAndAmortization": "12700000",
            "incomeBeforeTax": "95600000",
            "incomeTaxExpense": "19000000",
            "interestAndDebtExpense": "154300000",
            "netIncomeFromContinuingOperations": "76600000",
            "comprehensiveIncomeNetOfTax": "99500000",
            "ebit": "249900000",
            "ebitda": "262600000",
            "netIncome": "76600000"
        },
        {
            "fiscalDateEnding": "2022-09-30",
            "reportedCurrency": "USD",
            "grossProfit": "583400000",
            "totalRevenue": "16381000000",
            "costOfRevenue": "15797600000",
            "costofGoodsAndServicesSold": "15797600000",
            "operatingIncome": "399600000",
            "sellingGeneralAndAdministrative": "81100000",
            "researchAndDevelopment": "None",
            "operatingExpenses": "177900000",
            "investmentIncomeNet": "None",
            "netInterestIncome": "29100000",
            "interestIncome": "106700000",
            "interestExpense": "77600000",
            "nonInterestIncome": "1140800000",
            "otherNonOperatingIncome": "None",
            "depreciation": "None",
            "depreciationAndAmortization": "26700000",
            "incomeBeforeTax": "66400000",
            "incomeTaxExpense": "14100000",
            "interestAndDebtExpense": "77600000",
            "netIncomeFromContinuingOperations": "52300000",
            "comprehensiveIncomeNetOfTax": "17300000",
            "ebit": "144000000",
            "ebitda": "170700000",
            "netIncome": "52300000"
        },
        {
            "fiscalDateEnding": "2022-06-30",
            "reportedCurrency": "USD",
            "grossProfit": "528800000",
            "totalRevenue": "18930900000",
            "costOfRevenue": "18402100000",
            "costofGoodsAndServicesSold": "18402100000",
            "operatingIncome": "383900000",
            "sellingGeneralAndAdministrative": "65600000",
            "researchAndDevelopment": "None",
            "operatingExpenses": "143200000",
            "investmentIncomeNet": "None",
            "netInterestIncome": "22000000",
            "interestIncome": "50100000",
            "interestExpense": "28100000",
            "nonInterestIncome": "1145800000",
            "otherNonOperatingIncome": "None",
            "depreciation": "None",
            "depreciationAndAmortization": "11700000",
            "incomeBeforeTax": "70900000",
            "incomeTaxExpense": "21800000",
            "interestAndDebtExpense": "28100000",
            "netIncomeFromContinuingOperations": "49100000",
            "comprehensiveIncomeNetOfTax": "36900000",
            "ebit": "99000000",
            "ebitda": "110700000",
            "netIncome": "49100000"
        },
        {
            "fiscalDateEnding": "2022-03-31",
            "reportedCurrency": "USD",
            "grossProfit": "544700000",
            "totalRevenue": "16382700000",
            "costOfRevenue": "15838000000",
            "costofGoodsAndServicesSold": "15838000000",
            "operatingIncome": "387300000",
            "sellingGeneralAndAdministrative": "63300000",
            "researchAndDevelopment": "None",
            "operatingExpenses": "155800000",
            "investmentIncomeNet": "None",
            "netInterestIncome": "17100000",
            "interestIncome": "31200000",
            "interestExpense": "14100000",
            "nonInterestIncome": "1294300000",
            "otherNonOperatingIncome": "None",
            "depreciation": "None",
            "depreciationAndAmortization": "11300000",
            "incomeBeforeTax": "87400000",
            "incomeTaxExpense": "23400000",
            "interestAndDebtExpense": "14100000",
            "netIncomeFromContinuingOperations": "64000000",
            "comprehensiveIncomeNetOfTax": "47100000",
            "ebit": "101500000",
            "ebitda": "112800000",
            "netIncome": "64000000"
        },
        {
            "fiscalDateEnding": "2021-12-31",
            "reportedCurrency": "USD",
            "grossProfit": "450500000",
            "totalRevenue": "14341400000",
            "costOfRevenue": "13890900000",
            "costofGoodsAndServicesSold": "13890900000",
            "operatingIncome": "314600000",
            "sellingGeneralAndAdministrative": "55400000",
            "researchAndDevelopment": "None",
            "operatingExpenses": "135200000",
            "investmentIncomeNet": "None",
            "netInterestIncome": "15300000",
            "interestIncome": "31000000",
            "interestExpense": "15700000",
            "nonInterestIncome": "1171800000",
            "otherNonOperatingIncome": "None",
            "depreciation": "None",
            "depreciationAndAmortization": "9100000",
            "incomeBeforeTax": "52500000",
            "incomeTaxExpense": "10800000",
            "interestAndDebtExpense": "15700000",
            "netIncomeFromContinuingOperations": "41700000",
            "comprehensiveIncomeNetOfTax": "40300000",
            "ebit": "68200000",
            "ebitda": "77300000",
            "netIncome": "41700000"
        },
        {
            "fiscalDateEnding": "2021-09-30",
            "reportedCurrency": "USD",
            "grossProfit": "390100000",
            "totalRevenue": "11846800000",
            "costOfRevenue": "11456700000",
            "costofGoodsAndServicesSold": "11456700000",
            "operatingIncome": "220300000",
            "sellingGeneralAndAdministrative": "68100000",
            "researchAndDevelopment": "None",
            "operatingExpenses": "164800000",
            "investmentIncomeNet": "None",
            "netInterestIncome": "15900000",
            "interestIncome": "30000000",
            "interestExpense": "14100000",
            "nonInterestIncome": "1869700000",
            "otherNonOperatingIncome": "None",
            "depreciation": "None",
            "depreciationAndAmortization": "24900000",
            "incomeBeforeTax": "4900000",
            "incomeTaxExpense": "-2400000",
            "interestAndDebtExpense": "14100000",
            "netIncomeFromContinuingOperations": "7300000",
            "comprehensiveIncomeNetOfTax": "6000000",
            "ebit": "19000000",
            "ebitda": "43900000",
            "netIncome": "7300000"
        },
        {
            "fiscalDateEnding": "2021-06-30",
            "reportedCurrency": "USD",
            "grossProfit": "431500000",
            "totalRevenue": "10192100000",
            "costOfRevenue": "9760600000",
            "costofGoodsAndServicesSold": "9760600000",
            "operatingIncome": "307300000",
            "sellingGeneralAndAdministrative": "48100000",
            "researchAndDevelopment": "None",
            "operatingExpenses": "120300000",
            "investmentIncomeNet": "None",
            "netInterestIncome": "13300000",
            "interestIncome": "27800000",
            "interestExpense": "14500000",
            "nonInterestIncome": "378400000",
            "otherNonOperatingIncome": "None",
            "depreciation": "None",
            "depreciationAndAmortization": "9700000",
            "incomeBeforeTax": "46000000",
            "incomeTaxExpense": "11800000",
            "interestAndDebtExpense": "14500000",
            "netIncomeFromContinuingOperations": "34200000",
            "comprehensiveIncomeNetOfTax": "38200000",
            "ebit": "60500000",
            "ebitda": "70200000",
            "netIncome": "34200000"
        },
        {
            "fiscalDateEnding": "2021-03-31",
            "reportedCurrency": "USD",
            "grossProfit": "471400000",
            "totalRevenue": "11244800000",
            "costOfRevenue": "10773400000",
            "costofGoodsAndServicesSold": "10773400000",
            "operatingIncome": "344400000",
            "sellingGeneralAndAdministrative": "42300000",
            "researchAndDevelopment": "None",
            "operatingExpenses": "122500000",
            "investmentIncomeNet": "None",
            "netInterestIncome": "12300000",
            "interestIncome": "23400000",
            "interestExpense": "11100000",
            "nonInterestIncome": "417100000",
            "otherNonOperatingIncome": "None",
            "depreciation": "None",
            "depreciationAndAmortization": "8600000",
            "incomeBeforeTax": "76300000",
            "incomeTaxExpense": "21000000",
            "interestAndDebtExpense": "11100000",
            "netIncomeFromContinuingOperations": "55300000",
            "comprehensiveIncomeNetOfTax": "53700000",
            "ebit": "87400000",
            "ebitda": "96000000",
            "netIncome": "55300000"
        },
        {
            "fiscalDateEnding": "2020-12-31",
            "reportedCurrency": "USD",
            "grossProfit": "380100000",
            "totalRevenue": "9250500000",
            "costOfRevenue": "8870400000",
            "costofGoodsAndServicesSold": "8870400000",
            "operatingIncome": "253800000",
            "sellingGeneralAndAdministrative": "46800000",
            "researchAndDevelopment": "None",
            "operatingExpenses": "122200000",
            "investmentIncomeNet": "None",
            "netInterestIncome": "11300000",
            "interestIncome": "21200000",
            "interestExpense": "9900000",
            "nonInterestIncome": "345800000",
            "otherNonOperatingIncome": "None",
            "depreciation": "None",
            "depreciationAndAmortization": "8400000",
            "incomeBeforeTax": "26900000",
            "incomeTaxExpense": "7400000",
            "interestAndDebtExpense": "9900000",
            "netIncomeFromContinuingOperations": "19500000",
            "comprehensiveIncomeNetOfTax": "33400000",
            "ebit": "36800000",
            "ebitda": "45200000",
            "netIncome": "19500000"
        },
        {
            "fiscalDateEnding": "2020-09-30",
            "reportedCurrency": "USD",
            "grossProfit": "342100000",
            "totalRevenue": "14284900000",
            "costOfRevenue": "13942800000",
            "costofGoodsAndServicesSold": "13942800000",
            "operatingIncome": "285000000",
            "sellingGeneralAndAdministrative": "55000000",
            "researchAndDevelopment": "None",
            "operatingExpenses": "57100000",
            "investmentIncomeNet": "None",
            "netInterestIncome": "-10000000",
            "interestIncome": "None",
            "interestExpense": "10000000",
            "nonInterestIncome": "304300000",
            "otherNonOperatingIncome": "-70100000",
            "depreciation": "None",
            "depreciationAndAmortization": "13000000",
            "incomeBeforeTax": "79900000",
            "incomeTaxExpense": "2500000",
            "interestAndDebtExpense": "10000000",
            "netIncomeFromContinuingOperations": "77400000",
            "comprehensiveIncomeNetOfTax": "75500000",
            "ebit": "89900000",
            "ebitda": "102900000",
            "netIncome": "77400000"
        },
        {
            "fiscalDateEnding": "2020-06-30",
            "reportedCurrency": "USD",
            "grossProfit": "322600000",
            "totalRevenue": "8243400000",
            "costOfRevenue": "7920800000",
            "costofGoodsAndServicesSold": "7920800000",
            "operatingIncome": "230500000",
            "sellingGeneralAndAdministrative": "24200000",
            "researchAndDevelopment": "None",
            "operatingExpenses": "88900000",
            "investmentIncomeNet": "None",
            "netInterestIncome": "7000000",
            "interestIncome": "18500000",
            "interestExpense": "11500000",
            "nonInterestIncome": "276500000",
            "otherNonOperatingIncome": "-44600000",
            "depreciation": "None",
            "depreciationAndAmortization": "4400000",
            "incomeBeforeTax": "49000000",
            "incomeTaxExpense": "12400000",
            "interestAndDebtExpense": "15400000",
            "netIncomeFromContinuingOperations": "36600000",
            "comprehensiveIncomeNetOfTax": "36600000",
            "ebit": "60500000",
            "ebitda": "64900000",
            "netIncome": "36600000"
        },
        {
            "fiscalDateEnding": "2020-03-31",
            "reportedCurrency": "USD",
            "grossProfit": "366800000",
            "totalRevenue": "20366300000",
            "costOfRevenue": "19999500000",
            "costofGoodsAndServicesSold": "19999500000",
            "operatingIncome": "258300000",
            "sellingGeneralAndAdministrative": "27200000",
            "researchAndDevelopment": "None",
            "operatingExpenses": "105600000",
            "investmentIncomeNet": "None",
            "netInterestIncome": "11700000",
            "interestIncome": "39500000",
            "interestExpense": "27800000",
            "nonInterestIncome": "307700000",
            "otherNonOperatingIncome": "-46200000",
            "depreciation": "None",
            "depreciationAndAmortization": "4200000",
            "incomeBeforeTax": "56100000",
            "incomeTaxExpense": "16800000",
            "interestAndDebtExpense": "30000000",
            "netIncomeFromContinuingOperations": "39300000",
            "comprehensiveIncomeNetOfTax": "35900000",
            "ebit": "83900000",
            "ebitda": "88100000",
            "netIncome": "39300000"
        },
        {
            "fiscalDateEnding": "2019-12-31",
            "reportedCurrency": "USD",
            "grossProfit": "276800000",
            "totalRevenue": "11245000000",
            "costOfRevenue": "10968200000",
            "costofGoodsAndServicesSold": "10968200000",
            "operatingIncome": "190400000",
            "sellingGeneralAndAdministrative": "30000000",
            "researchAndDevelopment": "None",
            "operatingExpenses": "83800000",
            "investmentIncomeNet": "None",
            "netInterestIncome": "12200000",
            "interestIncome": "43300000",
            "interestExpense": "31100000",
            "nonInterestIncome": "221000000",
            "otherNonOperatingIncome": "-44900000",
            "depreciation": "None",
            "depreciationAndAmortization": "3900000",
            "incomeBeforeTax": "21700000",
            "incomeTaxExpense": "5400000",
            "interestAndDebtExpense": "33800000",
            "netIncomeFromContinuingOperations": "16300000",
            "comprehensiveIncomeNetOfTax": "17000000",
            "ebit": "52800000",
            "ebitda": "56700000",
            "netIncome": "16300000"
        },
        {
            "fiscalDateEnding": "2019-09-30",
            "reportedCurrency": "USD",
            "grossProfit": "286900000",
            "totalRevenue": "11279600000",
            "costOfRevenue": "10992700000",
            "costofGoodsAndServicesSold": "10992700000",
            "operatingIncome": "241900000",
            "sellingGeneralAndAdministrative": "50500000",
            "researchAndDevelopment": "None",
            "operatingExpenses": "45000000",
            "investmentIncomeNet": "None",
            "netInterestIncome": "-40800000",
            "interestIncome": "-3600000",
            "interestExpense": "37200000",
            "nonInterestIncome": "526800000",
            "otherNonOperatingIncome": "-43200000",
            "depreciation": "None",
            "depreciationAndAmortization": "4400000",
            "incomeBeforeTax": "34100000",
            "incomeTaxExpense": "6900000",
            "interestAndDebtExpense": "40800000",
            "netIncomeFromContinuingOperations": "27200000",
            "comprehensiveIncomeNetOfTax": "24900000",
            "ebit": "71300000",
            "ebitda": "75700000",
            "netIncome": "27200000"
        },
        {
            "fiscalDateEnding": "2019-06-30",
            "reportedCurrency": "USD",
            "grossProfit": "283400000",
            "totalRevenue": "7873000000",
            "costOfRevenue": "7589600000",
            "costofGoodsAndServicesSold": "7589600000",
            "operatingIncome": "199100000",
            "sellingGeneralAndAdministrative": "28300000",
            "researchAndDevelopment": "None",
            "operatingExpenses": "81600000",
            "investmentIncomeNet": "None",
            "netInterestIncome": "-42500000",
            "interestIncome": "-3100000",
            "interestExpense": "39400000",
            "nonInterestIncome": "118200000",
            "otherNonOperatingIncome": "-42600000",
            "depreciation": "None",
            "depreciationAndAmortization": "3500000",
            "incomeBeforeTax": "21600000",
            "incomeTaxExpense": "5300000",
            "interestAndDebtExpense": "42500000",
            "netIncomeFromContinuingOperations": "16300000",
            "comprehensiveIncomeNetOfTax": "16600000",
            "ebit": "61000000",
            "ebitda": "64500000",
            "netIncome": "16300000"
        },
        {
            "fiscalDateEnding": "2019-03-31",
            "reportedCurrency": "USD",
            "grossProfit": "271100000",
            "totalRevenue": "7192200000",
            "costOfRevenue": "6921100000",
            "costofGoodsAndServicesSold": "6921100000",
            "operatingIncome": "92200000",
            "sellingGeneralAndAdministrative": "125500000",
            "researchAndDevelopment": "None",
            "operatingExpenses": "176300000",
            "investmentIncomeNet": "None",
            "netInterestIncome": "9800000",
            "interestIncome": "45000000",
            "interestExpense": "35200000",
            "nonInterestIncome": "299800000",
            "otherNonOperatingIncome": "-41100000",
            "depreciation": "None",
            "depreciationAndAmortization": "3200000",
            "incomeBeforeTax": "30900000",
            "incomeTaxExpense": "7500000",
            "interestAndDebtExpense": "38400000",
            "netIncomeFromContinuingOperations": "23400000",
            "comprehensiveIncomeNetOfTax": "23400000",
            "ebit": "66100000",
            "ebitda": "69300000",
            "netIncome": "23400000"
        },
        {
            "fiscalDateEnding": "2018-12-31",
            "reportedCurrency": "USD",
            "grossProfit": "264700000",
            "totalRevenue": "6552200000",
            "costOfRevenue": "6287500000",
            "costofGoodsAndServicesSold": "6287",
            "operatingIncome": "-12599894",
            "sellingGeneralAndAdministrative": "3600111",
            "researchAndDevelopment": "None",
            "operatingExpenses": "10100159",
            "investmentIncomeNet": "None",
            "netInterestIncome": "12",
            "interestIncome": "30200012",
            "interestExpense": "30200000",
            "nonInterestIncome": "308",
            "otherNonOperatingIncome": "-37600000",
            "depreciation": "None",
            "depreciationAndAmortization": "2900000",
            "incomeBeforeTax": "24400000",
            "incomeTaxExpense": "6200000",
            "interestAndDebtExpense": "33",
            "netIncomeFromContinuingOperations": "18200000",
            "comprehensiveIncomeNetOfTax": "18",
            "ebit": "54600000",
            "ebitda": "57500000",
            "netIncome": "18200000"
        },
        {
            "fiscalDateEnding": "2018-09-30",
            "reportedCurrency": "USD",
            "grossProfit": "243200000",
            "totalRevenue": "6078800000",
            "costOfRevenue": "5835600000",
            "costofGoodsAndServicesSold": "5835600000",
            "operatingIncome": "114700000",
            "sellingGeneralAndAdministrative": "85400000",
            "researchAndDevelopment": "None",
            "operatingExpenses": "128500000",
            "investmentIncomeNet": "None",
            "netInterestIncome": "-25300000",
            "interestIncome": "None",
            "interestExpense": "25300000",
            "nonInterestIncome": "177400000",
            "otherNonOperatingIncome": "None",
            "depreciation": "None",
            "depreciationAndAmortization": "3200000",
            "incomeBeforeTax": "20500000",
            "incomeTaxExpense": "4800000",
            "interestAndDebtExpense": "25300000",
            "netIncomeFromContinuingOperations": "15700000",
            "comprehensiveIncomeNetOfTax": "15800000",
            "ebit": "45800000",
            "ebitda": "49000000",
            "netIncome": "15700000"
        },
        {
            "fiscalDateEnding": "2018-06-30",
            "reportedCurrency": "USD",
            "grossProfit": "259800000",
            "totalRevenue": "7118300000",
            "costOfRevenue": "6858500000",
            "costofGoodsAndServicesSold": "6858500000",
            "operatingIncome": "89800000",
            "sellingGeneralAndAdministrative": "111700000",
            "researchAndDevelopment": "None",
            "operatingExpenses": "168300000",
            "investmentIncomeNet": "None",
            "netInterestIncome": "11600000",
            "interestIncome": "33700000",
            "interestExpense": "22100000",
            "nonInterestIncome": "200000000",
            "otherNonOperatingIncome": "None",
            "depreciation": "None",
            "depreciationAndAmortization": "2800000",
            "incomeBeforeTax": "32900000",
            "incomeTaxExpense": "8900000",
            "interestAndDebtExpense": "22100000",
            "netIncomeFromContinuingOperations": "24000000",
            "comprehensiveIncomeNetOfTax": "19100000",
            "ebit": "55000000",
            "ebitda": "57800000",
            "netIncome": "24000000"
        }
    ]
}