{
    "symbol": "MSTR",
    "annualReports": [
        {
            "fiscalDateEnding": "2022-12-31",
            "reportedCurrency": "USD",
            "grossProfit": "396275000",
            "totalRevenue": "499264000",
            "costOfRevenue": "102989000",
            "costofGoodsAndServicesSold": "102989000",
            "operatingIncome": "-1275742000",
            "sellingGeneralAndAdministrative": "258303000",
            "researchAndDevelopment": "127428000",
            "operatingExpenses": "1672017000",
            "investmentIncomeNet": "None",
            "netInterestIncome": "-53136000",
            "interestIncome": "None",
            "interestExpense": "53136000",
            "nonInterestIncome": "505464000",
            "otherNonOperatingIncome": "6413000",
            "depreciation": "None",
            "depreciationAndAmortization": "6700000",
            "incomeBeforeTax": "-1322465000",
            "incomeTaxExpense": "147332000",
            "interestAndDebtExpense": "None",
            "netIncomeFromContinuingOperations": "-1469797000",
            "comprehensiveIncomeNetOfTax": "-1476055000",
            "ebit": "-1275742000",
            "ebitda": "-1269042000",
            "netIncome": "-1469797000"
        },
        {
            "fiscalDateEnding": "2021-12-31",
            "reportedCurrency": "USD",
            "grossProfit": "418853000",
            "totalRevenue": "510762000",
            "costOfRevenue": "91909000",
            "costofGoodsAndServicesSold": "91909000",
            "operatingIncome": "-784527000",
            "sellingGeneralAndAdministrative": "255642000",
            "researchAndDevelopment": "117117000",
            "operatingExpenses": "1203380000",
            "investmentIncomeNet": "None",
            "netInterestIncome": "-29149000",
            "interestIncome": "None",
            "interestExpense": "1688104000",
            "nonInterestIncome": "513262000",
            "otherNonOperatingIncome": "2287000",
            "depreciation": "None",
            "depreciationAndAmortization": "8700000",
            "incomeBeforeTax": "-811389000",
            "incomeTaxExpense": "-275909000",
            "interestAndDebtExpense": "None",
            "netIncomeFromContinuingOperations": "-535480000",
            "comprehensiveIncomeNetOfTax": "-539138000",
            "ebit": "-784527000",
            "ebitda": "-775827000",
            "netIncome": "-535480000"
        },
        {
            "fiscalDateEnding": "2020-12-31",
            "reportedCurrency": "USD",
            "grossProfit": "389680000",
            "totalRevenue": "480735000",
            "costOfRevenue": "91055000",
            "costofGoodsAndServicesSold": "91055000",
            "operatingIncome": "-13625000",
            "sellingGeneralAndAdministrative": "229046000",
            "researchAndDevelopment": "103561000",
            "operatingExpenses": "403305000",
            "investmentIncomeNet": "None",
            "netInterestIncome": "710000",
            "interestIncome": "710000",
            "interestExpense": "147724000",
            "nonInterestIncome": "473135000",
            "otherNonOperatingIncome": "-7038000",
            "depreciation": "None",
            "depreciationAndAmortization": "11400000",
            "incomeBeforeTax": "-19953000",
            "incomeTaxExpense": "-12429000",
            "interestAndDebtExpense": "None",
            "netIncomeFromContinuingOperations": "-7524000",
            "comprehensiveIncomeNetOfTax": "-1758000",
            "ebit": "-13625000",
            "ebitda": "-2225000",
            "netIncome": "-7524000"
        },
        {
            "fiscalDateEnding": "2019-12-31",
            "reportedCurrency": "USD",
            "grossProfit": "386353000",
            "totalRevenue": "486327000",
            "costOfRevenue": "99974000",
            "costofGoodsAndServicesSold": "99974000",
            "operatingIncome": "-1002000",
            "sellingGeneralAndAdministrative": "277932000",
            "researchAndDevelopment": "109423000",
            "operatingExpenses": "387355000",
            "investmentIncomeNet": "None",
            "netInterestIncome": "10909000",
            "interestIncome": "10909000",
            "interestExpense": "39265000",
            "nonInterestIncome": "485327000",
            "otherNonOperatingIncome": "28356000",
            "depreciation": "None",
            "depreciationAndAmortization": "11700000",
            "incomeBeforeTax": "38263000",
            "incomeTaxExpense": "3908000",
            "interestAndDebtExpense": "None",
            "netIncomeFromContinuingOperations": "34355000",
            "comprehensiveIncomeNetOfTax": "34921000",
            "ebit": "-1002000",
            "ebitda": "10698000",
            "netIncome": "34355000"
        },
        {
            "fiscalDateEnding": "2018-12-31",
            "reportedCurrency": "USD",
            "grossProfit": "398139000",
            "totalRevenue": "497638000",
            "costOfRevenue": "99499000",
            "costofGoodsAndServicesSold": "99499000",
            "operatingIncome": "3981000",
            "sellingGeneralAndAdministrative": "291659000",
            "researchAndDevelopment": "102499000",
            "operatingExpenses": "394158000",
            "investmentIncomeNet": "None",
            "netInterestIncome": "11855000",
            "interestIncome": "11855000",
            "interestExpense": "None",
            "nonInterestIncome": "502338000",
            "otherNonOperatingIncome": "4646000",
            "depreciation": "None",
            "depreciationAndAmortization": "8300000",
            "incomeBeforeTax": "20482000",
            "incomeTaxExpense": "-2019000",
            "interestAndDebtExpense": "None",
            "netIncomeFromContinuingOperations": "22501000",
            "comprehensiveIncomeNetOfTax": "17943000",
            "ebit": "3981000",
            "ebitda": "12281000",
            "netIncome": "22501000"
        }
    ],
    "quarterlyReports": [
        {
            "fiscalDateEnding": "2023-03-31",
            "reportedCurrency": "USD",
            "grossProfit": "93974000",
            "totalRevenue": "121915000",
            "costOfRevenue": "27941000",
            "costofGoodsAndServicesSold": "27941000",
            "operatingIncome": "-20307000",
            "sellingGeneralAndAdministrative": "64012000",
            "researchAndDevelopment": "31358000",
            "operatingExpenses": "114281000",
            "investmentIncomeNet": "None",
            "netInterestIncome": "-2210000",
            "interestIncome": "None",
            "interestExpense": "2210000",
            "nonInterestIncome": "166601000",
            "otherNonOperatingIncome": "-1443000",
            "depreciation": "None",
            "depreciationAndAmortization": "3431000",
            "incomeBeforeTax": "8006000",
            "incomeTaxExpense": "-453187000",
            "interestAndDebtExpense": "-42476000",
            "netIncomeFromContinuingOperations": "461193000",
            "comprehensiveIncomeNetOfTax": "461931000",
            "ebit": "-20307000",
            "ebitda": "592000",
            "netIncome": "461193000"
        },
        {
            "fiscalDateEnding": "2022-12-31",
            "reportedCurrency": "USD",
            "grossProfit": "105831000",
            "totalRevenue": "132554000",
            "costOfRevenue": "26723000",
            "costofGoodsAndServicesSold": "26723000",
            "operatingIncome": "-193717000",
            "sellingGeneralAndAdministrative": "70301000",
            "researchAndDevelopment": "31617000",
            "operatingExpenses": "299548000",
            "investmentIncomeNet": "None",
            "netInterestIncome": "-14837000",
            "interestIncome": "None",
            "interestExpense": "14837000",
            "nonInterestIncome": "138754000",
            "otherNonOperatingIncome": "-5829000",
            "depreciation": "None",
            "depreciationAndAmortization": "-5829000",
            "incomeBeforeTax": "-214383000",
            "incomeTaxExpense": "35286000",
            "interestAndDebtExpense": "None",
            "netIncomeFromContinuingOperations": "-249669000",
            "comprehensiveIncomeNetOfTax": "-245291000",
            "ebit": "-193717000",
            "ebitda": "-1916000",
            "netIncome": "-249669000"
        },
        {
            "fiscalDateEnding": "2022-09-30",
            "reportedCurrency": "USD",
            "grossProfit": "99975000",
            "totalRevenue": "125360000",
            "costOfRevenue": "25385000",
            "costofGoodsAndServicesSold": "25385000",
            "operatingIncome": "6058000",
            "sellingGeneralAndAdministrative": "62692000",
            "researchAndDevelopment": "30498000",
            "operatingExpenses": "93917000",
            "investmentIncomeNet": "None",
            "netInterestIncome": "-2193000",
            "interestIncome": "None",
            "interestExpense": "2193000",
            "nonInterestIncome": "125360000",
            "otherNonOperatingIncome": "4897000",
            "depreciation": "None",
            "depreciationAndAmortization": "2150000",
            "incomeBeforeTax": "-3118000",
            "incomeTaxExpense": "23961000",
            "interestAndDebtExpense": "2193000",
            "netIncomeFromContinuingOperations": "-27079000",
            "comprehensiveIncomeNetOfTax": "-31593000",
            "ebit": "6058000",
            "ebitda": "13832000",
            "netIncome": "-27079000"
        },
        {
            "fiscalDateEnding": "2022-06-30",
            "reportedCurrency": "USD",
            "grossProfit": "96869000",
            "totalRevenue": "122073000",
            "costOfRevenue": "25204000",
            "costofGoodsAndServicesSold": "25204000",
            "operatingIncome": "-918123000",
            "sellingGeneralAndAdministrative": "65364000",
            "researchAndDevelopment": "31790000",
            "operatingExpenses": "1014992000",
            "investmentIncomeNet": "None",
            "netInterestIncome": "-2168000",
            "interestIncome": "None",
            "interestExpense": "2168000",
            "nonInterestIncome": "122073000",
            "otherNonOperatingIncome": "5120000",
            "depreciation": "None",
            "depreciationAndAmortization": "2076000",
            "incomeBeforeTax": "-926190000",
            "incomeTaxExpense": "136108000",
            "interestAndDebtExpense": "2168000",
            "netIncomeFromContinuingOperations": "-1062298000",
            "comprehensiveIncomeNetOfTax": "-1066411000",
            "ebit": "-918123000",
            "ebitda": "6911000",
            "netIncome": "-1062298000"
        },
        {
            "fiscalDateEnding": "2022-03-31",
            "reportedCurrency": "USD",
            "grossProfit": "93600000",
            "totalRevenue": "119277000",
            "costOfRevenue": "25677000",
            "costofGoodsAndServicesSold": "25677000",
            "operatingIncome": "-169960000",
            "sellingGeneralAndAdministrative": "59946000",
            "researchAndDevelopment": "33523000",
            "operatingExpenses": "263560000",
            "investmentIncomeNet": "None",
            "netInterestIncome": "-2129000",
            "interestIncome": "None",
            "interestExpense": "2129000",
            "nonInterestIncome": "119277000",
            "otherNonOperatingIncome": "2225000",
            "depreciation": "None",
            "depreciationAndAmortization": "2691000",
            "incomeBeforeTax": "-178774000",
            "incomeTaxExpense": "-48023000",
            "interestAndDebtExpense": "2129000",
            "netIncomeFromContinuingOperations": "-130751000",
            "comprehensiveIncomeNetOfTax": "-132760000",
            "ebit": "-169960000",
            "ebitda": "172913000",
            "netIncome": "-130751000"
        },
        {
            "fiscalDateEnding": "2021-12-31",
            "reportedCurrency": "USD",
            "grossProfit": "110512000",
            "totalRevenue": "134515000",
            "costOfRevenue": "24003000",
            "costofGoodsAndServicesSold": "24003000",
            "operatingIncome": "-137467000",
            "sellingGeneralAndAdministrative": "70517000",
            "researchAndDevelopment": "30875000",
            "operatingExpenses": "247979000",
            "investmentIncomeNet": "None",
            "netInterestIncome": "-11629000",
            "interestIncome": "None",
            "interestExpense": "29149000",
            "nonInterestIncome": "137015000",
            "otherNonOperatingIncome": "656000",
            "depreciation": "None",
            "depreciationAndAmortization": "2719000",
            "incomeBeforeTax": "-148440000",
            "incomeTaxExpense": "-58463000",
            "interestAndDebtExpense": "None",
            "netIncomeFromContinuingOperations": "-89977000",
            "comprehensiveIncomeNetOfTax": "-90739000",
            "ebit": "-137467000",
            "ebitda": "-116572000",
            "netIncome": "-89977000"
        },
        {
            "fiscalDateEnding": "2021-09-30",
            "reportedCurrency": "USD",
            "grossProfit": "105675000",
            "totalRevenue": "127994000",
            "costOfRevenue": "22319000",
            "costofGoodsAndServicesSold": "22319000",
            "operatingIncome": "-49661000",
            "sellingGeneralAndAdministrative": "61960000",
            "researchAndDevelopment": "28211000",
            "operatingExpenses": "155336000",
            "investmentIncomeNet": "None",
            "netInterestIncome": "-2107000",
            "interestIncome": "None",
            "interestExpense": "2107000",
            "nonInterestIncome": "127994000",
            "otherNonOperatingIncome": "1264000",
            "depreciation": "None",
            "depreciationAndAmortization": "2642000",
            "incomeBeforeTax": "-59120000",
            "incomeTaxExpense": "-22984000",
            "interestAndDebtExpense": "2107000",
            "netIncomeFromContinuingOperations": "-36136000",
            "comprehensiveIncomeNetOfTax": "-37593000",
            "ebit": "-49661000",
            "ebitda": "-56478000",
            "netIncome": "-36136000"
        },
        {
            "fiscalDateEnding": "2021-06-30",
            "reportedCurrency": "USD",
            "grossProfit": "102313000",
            "totalRevenue": "125351000",
            "costOfRevenue": "23038000",
            "costofGoodsAndServicesSold": "23038000",
            "operatingIncome": "-414247000",
            "sellingGeneralAndAdministrative": "63238000",
            "researchAndDevelopment": "28548000",
            "operatingExpenses": "516560000",
            "investmentIncomeNet": "None",
            "netInterestIncome": "-586000",
            "interestIncome": "None",
            "interestExpense": "586000",
            "nonInterestIncome": "125351000",
            "otherNonOperatingIncome": "-897000",
            "depreciation": "None",
            "depreciationAndAmortization": "3215000",
            "incomeBeforeTax": "-419545000",
            "incomeTaxExpense": "-120198000",
            "interestAndDebtExpense": "586000",
            "netIncomeFromContinuingOperations": "-299347000",
            "comprehensiveIncomeNetOfTax": "-298950000",
            "ebit": "-414247000",
            "ebitda": "-416330000",
            "netIncome": "-299347000"
        },
        {
            "fiscalDateEnding": "2021-03-31",
            "reportedCurrency": "USD",
            "grossProfit": "100353000",
            "totalRevenue": "122902000",
            "costOfRevenue": "22549000",
            "costofGoodsAndServicesSold": "22549000",
            "operatingIncome": "-183152000",
            "sellingGeneralAndAdministrative": "59927000",
            "researchAndDevelopment": "29483000",
            "operatingExpenses": "283505000",
            "investmentIncomeNet": "None",
            "netInterestIncome": "-2391000",
            "interestIncome": "None",
            "interestExpense": "2391000",
            "nonInterestIncome": "122902000",
            "otherNonOperatingIncome": "1264000",
            "depreciation": "None",
            "depreciationAndAmortization": "2782000",
            "incomeBeforeTax": "-184284000",
            "incomeTaxExpense": "-74264000",
            "interestAndDebtExpense": "2391000",
            "netIncomeFromContinuingOperations": "-110020000",
            "comprehensiveIncomeNetOfTax": "-111856000",
            "ebit": "-181893000",
            "ebitda": "-181502000",
            "netIncome": "-110020000"
        },
        {
            "fiscalDateEnding": "2020-12-31",
            "reportedCurrency": "USD",
            "grossProfit": "110534000",
            "totalRevenue": "131319000",
            "costOfRevenue": "20785000",
            "costofGoodsAndServicesSold": "20785000",
            "operatingIncome": "390000",
            "sellingGeneralAndAdministrative": "58733000",
            "researchAndDevelopment": "24955000",
            "operatingExpenses": "110144000",
            "investmentIncomeNet": "None",
            "netInterestIncome": "-1917000",
            "interestIncome": "1917000",
            "interestExpense": "1917000",
            "nonInterestIncome": "131319000",
            "otherNonOperatingIncome": "-2506000",
            "depreciation": "None",
            "depreciationAndAmortization": "3990000",
            "incomeBeforeTax": "-4033000",
            "incomeTaxExpense": "-6694000",
            "interestAndDebtExpense": "None",
            "netIncomeFromContinuingOperations": "84034000",
            "comprehensiveIncomeNetOfTax": "5676000",
            "ebit": "390000",
            "ebitda": "-43000",
            "netIncome": "2661000"
        },
        {
            "fiscalDateEnding": "2020-09-30",
            "reportedCurrency": "USD",
            "grossProfit": "105672000",
            "totalRevenue": "127408000",
            "costOfRevenue": "21736000",
            "costofGoodsAndServicesSold": "21736000",
            "operatingIncome": "-20271000",
            "sellingGeneralAndAdministrative": "55063000",
            "researchAndDevelopment": "26638000",
            "operatingExpenses": "125943000",
            "investmentIncomeNet": "None",
            "netInterestIncome": "209000",
            "interestIncome": "209000",
            "interestExpense": "209000",
            "nonInterestIncome": "127408000",
            "otherNonOperatingIncome": "-2971000",
            "depreciation": "None",
            "depreciationAndAmortization": "3514000",
            "incomeBeforeTax": "-23033000",
            "incomeTaxExpense": "-8804000",
            "interestAndDebtExpense": "None",
            "netIncomeFromContinuingOperations": "-14229000",
            "comprehensiveIncomeNetOfTax": "-11942000",
            "ebit": "-20271000",
            "ebitda": "-19519000",
            "netIncome": "-14229000"
        },
        {
            "fiscalDateEnding": "2020-06-30",
            "reportedCurrency": "USD",
            "grossProfit": "86595000",
            "totalRevenue": "110584000",
            "costOfRevenue": "23989000",
            "costofGoodsAndServicesSold": "23989000",
            "operatingIncome": "6328000",
            "sellingGeneralAndAdministrative": "54400000",
            "researchAndDevelopment": "25867000",
            "operatingExpenses": "80267000",
            "investmentIncomeNet": "None",
            "netInterestIncome": "563000",
            "interestIncome": "563000",
            "interestExpense": "563000",
            "nonInterestIncome": "110584000",
            "otherNonOperatingIncome": "-1995000",
            "depreciation": "None",
            "depreciationAndAmortization": "3072000",
            "incomeBeforeTax": "4896000",
            "incomeTaxExpense": "1509000",
            "interestAndDebtExpense": "None",
            "netIncomeFromContinuingOperations": "3387000",
            "comprehensiveIncomeNetOfTax": "4398000",
            "ebit": "6328000",
            "ebitda": "7968000",
            "netIncome": "3387000"
        },
        {
            "fiscalDateEnding": "2020-03-31",
            "reportedCurrency": "USD",
            "grossProfit": "86879000",
            "totalRevenue": "111424000",
            "costOfRevenue": "24545000",
            "costofGoodsAndServicesSold": "24545000",
            "operatingIncome": "-72000",
            "sellingGeneralAndAdministrative": "60850000",
            "researchAndDevelopment": "26101000",
            "operatingExpenses": "86951000",
            "investmentIncomeNet": "None",
            "netInterestIncome": "1855000",
            "interestIncome": "1855000",
            "interestExpense": "1855000",
            "nonInterestIncome": "111424000",
            "otherNonOperatingIncome": "434000",
            "depreciation": "None",
            "depreciationAndAmortization": "2756000",
            "incomeBeforeTax": "2217000",
            "incomeTaxExpense": "1560000",
            "interestAndDebtExpense": "None",
            "netIncomeFromContinuingOperations": "657000",
            "comprehensiveIncomeNetOfTax": "110000",
            "ebit": "-72000",
            "ebitda": "4973000",
            "netIncome": "657000"
        },
        {
            "fiscalDateEnding": "2019-12-31",
            "reportedCurrency": "USD",
            "grossProfit": "108895000",
            "totalRevenue": "133531000",
            "costOfRevenue": "24636000",
            "costofGoodsAndServicesSold": "24636000",
            "operatingIncome": "9628000",
            "sellingGeneralAndAdministrative": "73280000",
            "researchAndDevelopment": "25987000",
            "operatingExpenses": "99267000",
            "investmentIncomeNet": "None",
            "netInterestIncome": "2389000",
            "interestIncome": "2389000",
            "interestExpense": "2389000",
            "nonInterestIncome": "133531000",
            "otherNonOperatingIncome": "-2361000",
            "depreciation": "None",
            "depreciationAndAmortization": "5156000",
            "incomeBeforeTax": "9675000",
            "incomeTaxExpense": "-2492000",
            "interestAndDebtExpense": "None",
            "netIncomeFromContinuingOperations": "108895000",
            "comprehensiveIncomeNetOfTax": "14190000",
            "ebit": "9628000",
            "ebitda": "14812000",
            "netIncome": "12167000"
        },
        {
            "fiscalDateEnding": "2019-09-30",
            "reportedCurrency": "USD",
            "grossProfit": "95878000",
            "totalRevenue": "119693000",
            "costOfRevenue": "23815000",
            "costofGoodsAndServicesSold": "23815000",
            "operatingIncome": "4586000",
            "sellingGeneralAndAdministrative": "63835000",
            "researchAndDevelopment": "27457000",
            "operatingExpenses": "91292000",
            "investmentIncomeNet": "None",
            "netInterestIncome": "2941000",
            "interestIncome": "2941000",
            "interestExpense": "2941000",
            "nonInterestIncome": "119693000",
            "otherNonOperatingIncome": "1882000",
            "depreciation": "None",
            "depreciationAndAmortization": "3856000",
            "incomeBeforeTax": "9409000",
            "incomeTaxExpense": "-291000",
            "interestAndDebtExpense": "None",
            "netIncomeFromContinuingOperations": "9700000",
            "comprehensiveIncomeNetOfTax": "7336000",
            "ebit": "4586000",
            "ebitda": "13265000",
            "netIncome": "9700000"
        },
        {
            "fiscalDateEnding": "2019-06-30",
            "reportedCurrency": "USD",
            "grossProfit": "92387000",
            "totalRevenue": "117737000",
            "costOfRevenue": "25350000",
            "costofGoodsAndServicesSold": "25350000",
            "operatingIncome": "-4830000",
            "sellingGeneralAndAdministrative": "69453000",
            "researchAndDevelopment": "27764000",
            "operatingExpenses": "97217000",
            "investmentIncomeNet": "None",
            "netInterestIncome": "3013000",
            "interestIncome": "3013000",
            "interestExpense": "3013000",
            "nonInterestIncome": "117737000",
            "otherNonOperatingIncome": "29431000",
            "depreciation": "None",
            "depreciationAndAmortization": "4023000",
            "incomeBeforeTax": "27614000",
            "incomeTaxExpense": "7220000",
            "interestAndDebtExpense": "None",
            "netIncomeFromContinuingOperations": "20394000",
            "comprehensiveIncomeNetOfTax": "21048000",
            "ebit": "-4830000",
            "ebitda": "31637000",
            "netIncome": "20394000"
        },
        {
            "fiscalDateEnding": "2019-03-31",
            "reportedCurrency": "USD",
            "grossProfit": "89193000",
            "totalRevenue": "115366000",
            "costOfRevenue": "26173000",
            "costofGoodsAndServicesSold": "26173000",
            "operatingIncome": "-10386000",
            "sellingGeneralAndAdministrative": "71364000",
            "researchAndDevelopment": "28215000",
            "operatingExpenses": "99579000",
            "investmentIncomeNet": "None",
            "netInterestIncome": "2566000",
            "interestIncome": "2566000",
            "interestExpense": "2566000",
            "nonInterestIncome": "115366000",
            "otherNonOperatingIncome": "-596000",
            "depreciation": "None",
            "depreciationAndAmortization": "3664000",
            "incomeBeforeTax": "-8416000",
            "incomeTaxExpense": "-510000",
            "interestAndDebtExpense": "None",
            "netIncomeFromContinuingOperations": "-7906000",
            "comprehensiveIncomeNetOfTax": "-7653000",
            "ebit": "-10386000",
            "ebitda": "-4752000",
            "netIncome": "-7906000"
        },
        {
            "fiscalDateEnding": "2018-12-31",
            "reportedCurrency": "USD",
            "grossProfit": "106032000",
            "totalRevenue": "131917000",
            "costOfRevenue": "25885000",
            "costofGoodsAndServicesSold": "25885000",
            "operatingIncome": "-2157000",
            "sellingGeneralAndAdministrative": "80161000",
            "researchAndDevelopment": "28028000",
            "operatingExpenses": "108189000",
            "investmentIncomeNet": "None",
            "netInterestIncome": "None",
            "interestIncome": "None",
            "interestExpense": "3157000",
            "nonInterestIncome": "131917000",
            "otherNonOperatingIncome": "981000",
            "depreciation": "None",
            "depreciationAndAmortization": "218000",
            "incomeBeforeTax": "1982000",
            "incomeTaxExpense": "-1319000",
            "interestAndDebtExpense": "None",
            "netIncomeFromContinuingOperations": "106032000",
            "comprehensiveIncomeNetOfTax": "1802000",
            "ebit": "-2157000",
            "ebitda": "2199000",
            "netIncome": "3301000"
        },
        {
            "fiscalDateEnding": "2018-09-30",
            "reportedCurrency": "USD",
            "grossProfit": "98763000",
            "totalRevenue": "122152000",
            "costOfRevenue": "23389000",
            "costofGoodsAndServicesSold": "23389000",
            "operatingIncome": "7220000",
            "sellingGeneralAndAdministrative": "65714000",
            "researchAndDevelopment": "25829000",
            "operatingExpenses": "91543000",
            "investmentIncomeNet": "None",
            "netInterestIncome": "None",
            "interestIncome": "None",
            "interestExpense": "3441000",
            "nonInterestIncome": "122152000",
            "otherNonOperatingIncome": "798000",
            "depreciation": "None",
            "depreciationAndAmortization": "-387000",
            "incomeBeforeTax": "11459000",
            "incomeTaxExpense": "-1240000",
            "interestAndDebtExpense": "None",
            "netIncomeFromContinuingOperations": "12699000",
            "comprehensiveIncomeNetOfTax": "12092000",
            "ebit": "7220000",
            "ebitda": "11072000",
            "netIncome": "12699000"
        },
        {
            "fiscalDateEnding": "2018-06-30",
            "reportedCurrency": "USD",
            "grossProfit": "95562000",
            "totalRevenue": "120602000",
            "costOfRevenue": "25040000",
            "costofGoodsAndServicesSold": "25040000",
            "operatingIncome": "-1797000",
            "sellingGeneralAndAdministrative": "72277000",
            "researchAndDevelopment": "25082000",
            "operatingExpenses": "97359000",
            "investmentIncomeNet": "None",
            "netInterestIncome": "None",
            "interestIncome": "None",
            "interestExpense": "3223000",
            "nonInterestIncome": "120602000",
            "otherNonOperatingIncome": "4461000",
            "depreciation": "None",
            "depreciationAndAmortization": "572000",
            "incomeBeforeTax": "5887000",
            "incomeTaxExpense": "1059000",
            "interestAndDebtExpense": "None",
            "netIncomeFromContinuingOperations": "4828000",
            "comprehensiveIncomeNetOfTax": "936000",
            "ebit": "-1797000",
            "ebitda": "6459000",
            "netIncome": "4828000"
        }
    ]
}