{
    "symbol": "RIOT",
    "annualReports": [
        {
            "fiscalDateEnding": "2022-12-31",
            "reportedCurrency": "USD",
            "grossProfit": "-695448000",
            "totalRevenue": "259171000",
            "costOfRevenue": "954619000",
            "costofGoodsAndServicesSold": "193696000",
            "operatingIncome": "-512701000",
            "sellingGeneralAndAdministrative": "27930000",
            "researchAndDevelopment": "None",
            "operatingExpenses": "907992000",
            "investmentIncomeNet": "None",
            "netInterestIncome": "454000",
            "interestIncome": "454000",
            "interestExpense": "454000",
            "nonInterestIncome": "16281000",
            "otherNonOperatingIncome": "-59000",
            "depreciation": "None",
            "depreciationAndAmortization": "107950000",
            "incomeBeforeTax": "-521302000",
            "incomeTaxExpense": "-11749000",
            "interestAndDebtExpense": "None",
            "netIncomeFromContinuingOperations": "-509553000",
            "comprehensiveIncomeNetOfTax": "-509553000",
            "ebit": "-512701000",
            "ebitda": "-404751000",
            "netIncome": "-509553000"
        },
        {
            "fiscalDateEnding": "2021-12-31",
            "reportedCurrency": "USD",
            "grossProfit": "-134547000",
            "totalRevenue": "213243000",
            "costOfRevenue": "134951000",
            "costofGoodsAndServicesSold": "82093000",
            "operatingIncome": "-29870000",
            "sellingGeneralAndAdministrative": "87429000",
            "researchAndDevelopment": "None",
            "operatingExpenses": "134698000",
            "investmentIncomeNet": "None",
            "netInterestIncome": "-296000",
            "interestIncome": "None",
            "interestExpense": "296000",
            "nonInterestIncome": "None",
            "otherNonOperatingIncome": "2378000",
            "depreciation": "26100000",
            "depreciationAndAmortization": "26324000",
            "incomeBeforeTax": "-15183000",
            "incomeTaxExpense": "254000",
            "interestAndDebtExpense": "296000",
            "netIncomeFromContinuingOperations": "-7926000",
            "comprehensiveIncomeNetOfTax": "-7926000",
            "ebit": "-14887000",
            "ebitda": "11437000",
            "netIncome": "-15437000"
        },
        {
            "fiscalDateEnding": "2020-12-31",
            "reportedCurrency": "USD",
            "grossProfit": "5830000",
            "totalRevenue": "12081000",
            "costOfRevenue": "6251000",
            "costofGoodsAndServicesSold": "6251000",
            "operatingIncome": "-15544000",
            "sellingGeneralAndAdministrative": "10251000",
            "researchAndDevelopment": "None",
            "operatingExpenses": "18945000",
            "investmentIncomeNet": "85000",
            "netInterestIncome": "85000",
            "interestIncome": "85000",
            "interestExpense": "85000",
            "nonInterestIncome": "29000",
            "otherNonOperatingIncome": "-6000",
            "depreciation": "4300000",
            "depreciationAndAmortization": "4494000",
            "incomeBeforeTax": "-11147000",
            "incomeTaxExpense": "2967000",
            "interestAndDebtExpense": "None",
            "netIncomeFromContinuingOperations": "9700000",
            "comprehensiveIncomeNetOfTax": "-12674000",
            "ebit": "-15544000",
            "ebitda": "-11050000",
            "netIncome": "-14114000"
        },
        {
            "fiscalDateEnding": "2019-12-31",
            "reportedCurrency": "USD",
            "grossProfit": "740000",
            "totalRevenue": "6837000",
            "costOfRevenue": "6097000",
            "costofGoodsAndServicesSold": "6097000",
            "operatingIncome": "-9417000",
            "sellingGeneralAndAdministrative": "9159000",
            "researchAndDevelopment": "None",
            "operatingExpenses": "9313000",
            "investmentIncomeNet": "37000",
            "netInterestIncome": "-122000",
            "interestIncome": "6185000",
            "interestExpense": "122000",
            "nonInterestIncome": "854000",
            "otherNonOperatingIncome": "874000",
            "depreciation": "100000",
            "depreciationAndAmortization": "119000",
            "incomeBeforeTax": "-20182000",
            "incomeTaxExpense": "-143000",
            "interestAndDebtExpense": "-732000",
            "netIncomeFromContinuingOperations": "-20303000",
            "comprehensiveIncomeNetOfTax": "-20039000",
            "ebit": "-20060000",
            "ebitda": "-19941000",
            "netIncome": "-20039000"
        },
        {
            "fiscalDateEnding": "2018-12-31",
            "reportedCurrency": "USD",
            "grossProfit": "2025000",
            "totalRevenue": "7845000",
            "costOfRevenue": "5820000",
            "costofGoodsAndServicesSold": "5819925",
            "operatingIncome": "-59366000",
            "sellingGeneralAndAdministrative": "20858000",
            "researchAndDevelopment": "None",
            "operatingExpenses": "67210853",
            "investmentIncomeNet": "70000",
            "netInterestIncome": "-122973",
            "interestIncome": "27",
            "interestExpense": "123000",
            "nonInterestIncome": "None",
            "otherNonOperatingIncome": "-1519166",
            "depreciation": "5200000",
            "depreciationAndAmortization": "5267000",
            "incomeBeforeTax": "-58707000",
            "incomeTaxExpense": "-699000",
            "interestAndDebtExpense": "122973",
            "netIncomeFromContinuingOperations": "-60308660",
            "comprehensiveIncomeNetOfTax": "-58007773",
            "ebit": "-58584000",
            "ebitda": "-53317000",
            "netIncome": "-58008000"
        }
    ],
    "quarterlyReports": [
        {
            "fiscalDateEnding": "2023-03-31",
            "reportedCurrency": "USD",
            "grossProfit": "1221000",
            "totalRevenue": "73236000",
            "costOfRevenue": "72015000",
            "costofGoodsAndServicesSold": "63122000",
            "operatingIncome": "-56827000",
            "sellingGeneralAndAdministrative": "12675000",
            "researchAndDevelopment": "None",
            "operatingExpenses": "58240000",
            "investmentIncomeNet": "None",
            "netInterestIncome": "-3830000",
            "interestIncome": "None",
            "interestExpense": "3830000",
            "nonInterestIncome": "None",
            "otherNonOperatingIncome": "-3830000",
            "depreciation": "57900000",
            "depreciationAndAmortization": "59340000",
            "incomeBeforeTax": "-60657000",
            "incomeTaxExpense": "-4969000",
            "interestAndDebtExpense": "None",
            "netIncomeFromContinuingOperations": "-55688000",
            "comprehensiveIncomeNetOfTax": "-55688000",
            "ebit": "-56827000",
            "ebitda": "2513000",
            "netIncome": "-55688000"
        },
        {
            "fiscalDateEnding": "2022-12-31",
            "reportedCurrency": "USD",
            "grossProfit": "-663379000",
            "totalRevenue": "60147000",
            "costOfRevenue": "723526000",
            "costofGoodsAndServicesSold": "57034000",
            "operatingIncome": "-162444000",
            "sellingGeneralAndAdministrative": "-9619000",
            "researchAndDevelopment": "None",
            "operatingExpenses": "718623000",
            "investmentIncomeNet": "None",
            "netInterestIncome": "463000",
            "interestIncome": "None",
            "interestExpense": "463000",
            "nonInterestIncome": "0",
            "otherNonOperatingIncome": "-960000",
            "depreciation": "None",
            "depreciationAndAmortization": "46584000",
            "incomeBeforeTax": "-163047000",
            "incomeTaxExpense": "-2910000",
            "interestAndDebtExpense": "None",
            "netIncomeFromContinuingOperations": "-155779000",
            "comprehensiveIncomeNetOfTax": "-155779000",
            "ebit": "-162444000",
            "ebitda": "-115860000",
            "netIncome": "-160137000"
        },
        {
            "fiscalDateEnding": "2022-09-30",
            "reportedCurrency": "USD",
            "grossProfit": "-2173000",
            "totalRevenue": "46290000",
            "costOfRevenue": "48463000",
            "costofGoodsAndServicesSold": "42680000",
            "operatingIncome": "-35877000",
            "sellingGeneralAndAdministrative": "16004000",
            "researchAndDevelopment": "None",
            "operatingExpenses": "40796000",
            "investmentIncomeNet": "None",
            "netInterestIncome": "348000",
            "interestIncome": "None",
            "interestExpense": "348000",
            "nonInterestIncome": "7667000",
            "otherNonOperatingIncome": "490000",
            "depreciation": "None",
            "depreciationAndAmortization": "26559000",
            "incomeBeforeTax": "-35387000",
            "incomeTaxExpense": "-2952000",
            "interestAndDebtExpense": "None",
            "netIncomeFromContinuingOperations": "-36569000",
            "comprehensiveIncomeNetOfTax": "-36569000",
            "ebit": "-35877000",
            "ebitda": "-9318000",
            "netIncome": "-32435000"
        },
        {
            "fiscalDateEnding": "2022-06-30",
            "reportedCurrency": "USD",
            "grossProfit": "-756411000",
            "totalRevenue": "72947000",
            "costOfRevenue": "829358000",
            "costofGoodsAndServicesSold": "48354000",
            "operatingIncome": "-353238000",
            "sellingGeneralAndAdministrative": "10713000",
            "researchAndDevelopment": "None",
            "operatingExpenses": "820744000",
            "investmentIncomeNet": "None",
            "netInterestIncome": "None",
            "interestIncome": "None",
            "interestExpense": "737349000",
            "nonInterestIncome": "8614000",
            "otherNonOperatingIncome": "-6461000",
            "depreciation": "None",
            "depreciationAndAmortization": "20562000",
            "incomeBeforeTax": "-359758000",
            "incomeTaxExpense": "-6199000",
            "interestAndDebtExpense": "None",
            "netIncomeFromContinuingOperations": "-366334000",
            "comprehensiveIncomeNetOfTax": "-366334000",
            "ebit": "-353238000",
            "ebitda": "-332676000",
            "netIncome": "-353559000"
        },
        {
            "fiscalDateEnding": "2022-03-31",
            "reportedCurrency": "USD",
            "grossProfit": "28242000",
            "totalRevenue": "79787000",
            "costOfRevenue": "51545000",
            "costofGoodsAndServicesSold": "45628000",
            "operatingIncome": "38858000",
            "sellingGeneralAndAdministrative": "10910000",
            "researchAndDevelopment": "None",
            "operatingExpenses": "42309000",
            "investmentIncomeNet": "None",
            "netInterestIncome": "-357000",
            "interestIncome": "None",
            "interestExpense": "357000",
            "nonInterestIncome": "0",
            "otherNonOperatingIncome": "-357000",
            "depreciation": "13900000",
            "depreciationAndAmortization": "14245000",
            "incomeBeforeTax": "36890000",
            "incomeTaxExpense": "312000",
            "interestAndDebtExpense": "None",
            "netIncomeFromContinuingOperations": "35629000",
            "comprehensiveIncomeNetOfTax": "35629000",
            "ebit": "38858000",
            "ebitda": "53103000",
            "netIncome": "36578000"
        },
        {
            "fiscalDateEnding": "2021-12-31",
            "reportedCurrency": "USD",
            "grossProfit": "-169244000",
            "totalRevenue": "90890000",
            "costOfRevenue": "47295000",
            "costofGoodsAndServicesSold": "35883000",
            "operatingIncome": "-18562000",
            "sellingGeneralAndAdministrative": "39458000",
            "researchAndDevelopment": "None",
            "operatingExpenses": "47136000",
            "investmentIncomeNet": "None",
            "netInterestIncome": "5504000",
            "interestIncome": "295000",
            "interestExpense": "-5504000",
            "nonInterestIncome": "None",
            "otherNonOperatingIncome": "953000",
            "depreciation": "11100000",
            "depreciationAndAmortization": "5533000",
            "incomeBeforeTax": "-21043000",
            "incomeTaxExpense": "-3476000",
            "interestAndDebtExpense": "-5504000",
            "netIncomeFromContinuingOperations": "-19450000",
            "comprehensiveIncomeNetOfTax": "-19450000",
            "ebit": "-18562000",
            "ebitda": "-21014000",
            "netIncome": "-17567000"
        },
        {
            "fiscalDateEnding": "2021-09-30",
            "reportedCurrency": "USD",
            "grossProfit": "11742000",
            "totalRevenue": "64808000",
            "costOfRevenue": "53066000",
            "costofGoodsAndServicesSold": "25615000",
            "operatingIncome": "-10839000",
            "sellingGeneralAndAdministrative": "40307000",
            "researchAndDevelopment": "None",
            "operatingExpenses": "53001000",
            "investmentIncomeNet": "40000",
            "netInterestIncome": "-4900000",
            "interestIncome": "40000",
            "interestExpense": "4900000",
            "nonInterestIncome": "None",
            "otherNonOperatingIncome": "-85000",
            "depreciation": "7300000",
            "depreciationAndAmortization": "12207000",
            "incomeBeforeTax": "-22035000",
            "incomeTaxExpense": "0",
            "interestAndDebtExpense": "4900000",
            "netIncomeFromContinuingOperations": "-15343000",
            "comprehensiveIncomeNetOfTax": "-15343000",
            "ebit": "-10839000",
            "ebitda": "-4928000",
            "netIncome": "-22035000"
        },
        {
            "fiscalDateEnding": "2021-06-30",
            "reportedCurrency": "USD",
            "grossProfit": "8066000",
            "totalRevenue": "34348000",
            "costOfRevenue": "26282000",
            "costofGoodsAndServicesSold": "13061000",
            "operatingIncome": "-5450000",
            "sellingGeneralAndAdministrative": "3512000",
            "researchAndDevelopment": "None",
            "operatingExpenses": "26253000",
            "investmentIncomeNet": "80000",
            "netInterestIncome": "-900000",
            "interestIncome": "80000",
            "interestExpense": "900000",
            "nonInterestIncome": "None",
            "otherNonOperatingIncome": "1510000",
            "depreciation": "5700000",
            "depreciationAndAmortization": "5738000",
            "incomeBeforeTax": "22739000",
            "incomeTaxExpense": "3730000",
            "interestAndDebtExpense": "900000",
            "netIncomeFromContinuingOperations": "19337000",
            "comprehensiveIncomeNetOfTax": "19337000",
            "ebit": "-5450000",
            "ebitda": "29377000",
            "netIncome": "19009000"
        },
        {
            "fiscalDateEnding": "2021-03-31",
            "reportedCurrency": "USD",
            "grossProfit": "15663000",
            "totalRevenue": "23197000",
            "costOfRevenue": "7534000",
            "costofGoodsAndServicesSold": "7534000",
            "operatingIncome": "4981000",
            "sellingGeneralAndAdministrative": "5462000",
            "researchAndDevelopment": "None",
            "operatingExpenses": "8308000",
            "investmentIncomeNet": "175000",
            "netInterestIncome": "175000",
            "interestIncome": "175000",
            "interestExpense": "175000",
            "nonInterestIncome": "None",
            "otherNonOperatingIncome": "175000",
            "depreciation": "2800000",
            "depreciationAndAmortization": "2846000",
            "incomeBeforeTax": "5156000",
            "incomeTaxExpense": "0",
            "interestAndDebtExpense": "None",
            "netIncomeFromContinuingOperations": "7530000",
            "comprehensiveIncomeNetOfTax": "7530000",
            "ebit": "4981000",
            "ebitda": "7827000",
            "netIncome": "5156000"
        },
        {
            "fiscalDateEnding": "2020-12-31",
            "reportedCurrency": "USD",
            "grossProfit": "3189000",
            "totalRevenue": "5291000",
            "costOfRevenue": "2102000",
            "costofGoodsAndServicesSold": "2102000",
            "operatingIncome": "2942000",
            "sellingGeneralAndAdministrative": "2287000",
            "researchAndDevelopment": "None",
            "operatingExpenses": "-671000",
            "investmentIncomeNet": "58000",
            "netInterestIncome": "58000",
            "interestIncome": "58000",
            "interestExpense": "58000",
            "nonInterestIncome": "-2000",
            "otherNonOperatingIncome": "-1000",
            "depreciation": "1600000",
            "depreciationAndAmortization": "1733000",
            "incomeBeforeTax": "3917000",
            "incomeTaxExpense": "None",
            "interestAndDebtExpense": "None",
            "netIncomeFromContinuingOperations": "26284000",
            "comprehensiveIncomeNetOfTax": "3910000",
            "ebit": "2942000",
            "ebitda": "4675000",
            "netIncome": "2470000"
        },
        {
            "fiscalDateEnding": "2020-09-30",
            "reportedCurrency": "USD",
            "grossProfit": "1160000",
            "totalRevenue": "2462000",
            "costOfRevenue": "1302000",
            "costofGoodsAndServicesSold": "1302000",
            "operatingIncome": "-2107000",
            "sellingGeneralAndAdministrative": "2000000",
            "researchAndDevelopment": "None",
            "operatingExpenses": "2887000",
            "investmentIncomeNet": "12000",
            "netInterestIncome": "12000",
            "interestIncome": "12000",
            "interestExpense": "12000",
            "nonInterestIncome": "-5000",
            "otherNonOperatingIncome": "-2000",
            "depreciation": "1300000",
            "depreciationAndAmortization": "1267000",
            "incomeBeforeTax": "-1717000",
            "incomeTaxExpense": "None",
            "interestAndDebtExpense": "None",
            "netIncomeFromContinuingOperations": "-1717000",
            "comprehensiveIncomeNetOfTax": "-1717000",
            "ebit": "-2107000",
            "ebitda": "-840000",
            "netIncome": "-1717000"
        },
        {
            "fiscalDateEnding": "2020-06-30",
            "reportedCurrency": "USD",
            "grossProfit": "503000",
            "totalRevenue": "1942000",
            "costOfRevenue": "1439000",
            "costofGoodsAndServicesSold": "1439000",
            "operatingIncome": "-11970000",
            "sellingGeneralAndAdministrative": "2229000",
            "researchAndDevelopment": "None",
            "operatingExpenses": "12455000",
            "investmentIncomeNet": "16000",
            "netInterestIncome": "16000",
            "interestIncome": "16000",
            "interestExpense": "16000",
            "nonInterestIncome": "18000",
            "otherNonOperatingIncome": "-12000",
            "depreciation": "800000",
            "depreciationAndAmortization": "830000",
            "incomeBeforeTax": "-10590000",
            "incomeTaxExpense": "None",
            "interestAndDebtExpense": "None",
            "netIncomeFromContinuingOperations": "-10590000",
            "comprehensiveIncomeNetOfTax": "-10590000",
            "ebit": "-11970000",
            "ebitda": "-11140000",
            "netIncome": "-10590000"
        },
        {
            "fiscalDateEnding": "2020-03-31",
            "reportedCurrency": "USD",
            "grossProfit": "979000",
            "totalRevenue": "2386000",
            "costOfRevenue": "1407000",
            "costofGoodsAndServicesSold": "1407000",
            "operatingIncome": "-4408000",
            "sellingGeneralAndAdministrative": "3735000",
            "researchAndDevelopment": "None",
            "operatingExpenses": "4275000",
            "investmentIncomeNet": "9000",
            "netInterestIncome": "-2000",
            "interestIncome": "113000",
            "interestExpense": "2000",
            "nonInterestIncome": "17000",
            "otherNonOperatingIncome": "10000",
            "depreciation": "700000",
            "depreciationAndAmortization": "663000",
            "incomeBeforeTax": "-4277000",
            "incomeTaxExpense": "-143000",
            "interestAndDebtExpense": "2000",
            "netIncomeFromContinuingOperations": "-4277000",
            "comprehensiveIncomeNetOfTax": "-4277000",
            "ebit": "-4408000",
            "ebitda": "-3745000",
            "netIncome": "-4277000"
        },
        {
            "fiscalDateEnding": "2019-12-31",
            "reportedCurrency": "USD",
            "grossProfit": "-362000",
            "totalRevenue": "1200000",
            "costOfRevenue": "1562000",
            "costofGoodsAndServicesSold": "1561544",
            "operatingIncome": "-2936000",
            "sellingGeneralAndAdministrative": "2019000",
            "researchAndDevelopment": "None",
            "operatingExpenses": "-2804720",
            "investmentIncomeNet": "11132",
            "netInterestIncome": "-2689",
            "interestIncome": "311",
            "interestExpense": "3000",
            "nonInterestIncome": "11075",
            "otherNonOperatingIncome": "20000",
            "depreciation": "None",
            "depreciationAndAmortization": "48000",
            "incomeBeforeTax": "-3583152",
            "incomeTaxExpense": "-143000",
            "interestAndDebtExpense": "-8386",
            "netIncomeFromContinuingOperations": "-3440152",
            "comprehensiveIncomeNetOfTax": "-3397536",
            "ebit": "-2936000",
            "ebitda": "-2888000",
            "netIncome": "-3398000"
        },
        {
            "fiscalDateEnding": "2019-09-30",
            "reportedCurrency": "USD",
            "grossProfit": "264000",
            "totalRevenue": "1740000",
            "costOfRevenue": "1476000",
            "costofGoodsAndServicesSold": "1476135",
            "operatingIncome": "-1894000",
            "sellingGeneralAndAdministrative": "1762000",
            "researchAndDevelopment": "None",
            "operatingExpenses": "3633694",
            "investmentIncomeNet": "5765",
            "netInterestIncome": "-2129",
            "interestIncome": "1871",
            "interestExpense": "4000",
            "nonInterestIncome": "34899",
            "otherNonOperatingIncome": "40000",
            "depreciation": "None",
            "depreciationAndAmortization": "24000",
            "incomeBeforeTax": "-1834120",
            "incomeTaxExpense": "None",
            "interestAndDebtExpense": "-32770",
            "netIncomeFromContinuingOperations": "-1834120",
            "comprehensiveIncomeNetOfTax": "-1834139",
            "ebit": "-1894000",
            "ebitda": "-1870000",
            "netIncome": "-1834000"
        },
        {
            "fiscalDateEnding": "2019-06-30",
            "reportedCurrency": "USD",
            "grossProfit": "879000",
            "totalRevenue": "2467000",
            "costOfRevenue": "1588000",
            "costofGoodsAndServicesSold": "1587983",
            "operatingIncome": "-1370000",
            "sellingGeneralAndAdministrative": "2226000",
            "researchAndDevelopment": "None",
            "operatingExpenses": "3836711",
            "investmentIncomeNet": "3261",
            "netInterestIncome": "-48819",
            "interestIncome": "181",
            "interestExpense": "49000",
            "nonInterestIncome": "None",
            "otherNonOperatingIncome": "731000",
            "depreciation": "None",
            "depreciationAndAmortization": "23000",
            "incomeBeforeTax": "-1278301",
            "incomeTaxExpense": "None",
            "interestAndDebtExpense": "48819",
            "netIncomeFromContinuingOperations": "-1278301",
            "comprehensiveIncomeNetOfTax": "-1278320",
            "ebit": "-1370000",
            "ebitda": "-1347000",
            "netIncome": "-1279000"
        },
        {
            "fiscalDateEnding": "2019-03-31",
            "reportedCurrency": "USD",
            "grossProfit": "-41000",
            "totalRevenue": "1430000",
            "costOfRevenue": "1471000",
            "costofGoodsAndServicesSold": "1886544",
            "operatingIncome": "-3217000",
            "sellingGeneralAndAdministrative": "3152000",
            "researchAndDevelopment": "None",
            "operatingExpenses": "4647315",
            "investmentIncomeNet": "17000",
            "netInterestIncome": "-68363",
            "interestIncome": "-363",
            "interestExpense": "68000",
            "nonInterestIncome": "None",
            "otherNonOperatingIncome": "-13000",
            "depreciation": "None",
            "depreciationAndAmortization": "24000",
            "incomeBeforeTax": "-9860400",
            "incomeTaxExpense": "2826000",
            "interestAndDebtExpense": "68363",
            "netIncomeFromContinuingOperations": "-13750427",
            "comprehensiveIncomeNetOfTax": "-13529005",
            "ebit": "-3217000",
            "ebitda": "-3193000",
            "netIncome": "-13529000"
        },
        {
            "fiscalDateEnding": "2018-12-31",
            "reportedCurrency": "USD",
            "grossProfit": "-201548",
            "totalRevenue": "1685071",
            "costOfRevenue": "1886619",
            "costofGoodsAndServicesSold": "1886544",
            "operatingIncome": "-9359862",
            "sellingGeneralAndAdministrative": "4543977",
            "researchAndDevelopment": "14532",
            "operatingExpenses": "11044786",
            "investmentIncomeNet": "41",
            "netInterestIncome": "-84975",
            "interestIncome": "27",
            "interestExpense": "85002",
            "nonInterestIncome": "None",
            "otherNonOperatingIncome": "-183948",
            "depreciation": "-442000",
            "depreciationAndAmortization": "-418664",
            "incomeBeforeTax": "-8585030",
            "incomeTaxExpense": "2826000",
            "interestAndDebtExpense": "84975",
            "netIncomeFromContinuingOperations": "-12686400",
            "comprehensiveIncomeNetOfTax": "-11410803",
            "ebit": "-8500028",
            "ebitda": "-8918692",
            "netIncome": "-11411030"
        },
        {
            "fiscalDateEnding": "2018-09-30",
            "reportedCurrency": "USD",
            "grossProfit": "334798",
            "totalRevenue": "2366683",
            "costOfRevenue": "2031885",
            "costofGoodsAndServicesSold": "2031885",
            "operatingIncome": "-6457788",
            "sellingGeneralAndAdministrative": "5970411",
            "researchAndDevelopment": "0",
            "operatingExpenses": "8824471",
            "investmentIncomeNet": "683",
            "netInterestIncome": "-21836",
            "interestIncome": "None",
            "interestExpense": "21836",
            "nonInterestIncome": "None",
            "otherNonOperatingIncome": "-47316",
            "depreciation": "644000",
            "depreciationAndAmortization": "658338",
            "incomeBeforeTax": "-6229958",
            "incomeTaxExpense": "0",
            "interestAndDebtExpense": "21836",
            "netIncomeFromContinuingOperations": "-6526940",
            "comprehensiveIncomeNetOfTax": "-6229958",
            "ebit": "-6208122",
            "ebitda": "-5549784",
            "netIncome": "-6229958"
        },
        {
            "fiscalDateEnding": "2018-06-30",
            "reportedCurrency": "USD",
            "grossProfit": "1315207",
            "totalRevenue": "2792794",
            "costOfRevenue": "1477587",
            "costofGoodsAndServicesSold": "1477587",
            "operatingIncome": "-23877277",
            "sellingGeneralAndAdministrative": "6432883",
            "researchAndDevelopment": "10000",
            "operatingExpenses": "26670071",
            "investmentIncomeNet": "6690",
            "netInterestIncome": "-15093",
            "interestIncome": "None",
            "interestExpense": "15093",
            "nonInterestIncome": "None",
            "otherNonOperatingIncome": "-1013468",
            "depreciation": "2856000",
            "depreciationAndAmortization": "2870899",
            "incomeBeforeTax": "-24488920",
            "incomeTaxExpense": "-472000",
            "interestAndDebtExpense": "15093",
            "netIncomeFromContinuingOperations": "-24433838",
            "comprehensiveIncomeNetOfTax": "-24016920",
            "ebit": "-24473827",
            "ebitda": "-21602928",
            "netIncome": "-24016920"
        }
    ]
}