{
    "symbol": "SIRI",
    "annualReports": [
        {
            "fiscalDateEnding": "2022-12-31",
            "reportedCurrency": "USD",
            "grossProfit": "4919000000",
            "totalRevenue": "8574000000",
            "costOfRevenue": "2192000000",
            "costofGoodsAndServicesSold": "4482000000",
            "operatingIncome": "2036000000",
            "sellingGeneralAndAdministrative": "1600000000",
            "researchAndDevelopment": "285000000",
            "operatingExpenses": "2536000000",
            "investmentIncomeNet": "None",
            "netInterestIncome": "-422000000",
            "interestIncome": "None",
            "interestExpense": "422000000",
            "nonInterestIncome": "9003000000",
            "otherNonOperatingIncome": "-9000000",
            "depreciation": "None",
            "depreciationAndAmortization": "536000000",
            "incomeBeforeTax": "1605000000",
            "incomeTaxExpense": "392000000",
            "interestAndDebtExpense": "422000000",
            "netIncomeFromContinuingOperations": "1213000000",
            "comprehensiveIncomeNetOfTax": "1194000000",
            "ebit": "2027000000",
            "ebitda": "2563000000",
            "netIncome": "1213000000"
        },
        {
            "fiscalDateEnding": "2021-12-31",
            "reportedCurrency": "USD",
            "grossProfit": "4773000000",
            "totalRevenue": "8207000000",
            "costOfRevenue": "2121000000",
            "costofGoodsAndServicesSold": "4293000000",
            "operatingIncome": "2015000000",
            "sellingGeneralAndAdministrative": "1570000000",
            "researchAndDevelopment": "265000000",
            "operatingExpenses": "2214000000",
            "investmentIncomeNet": "None",
            "netInterestIncome": "-415000000",
            "interestIncome": "None",
            "interestExpense": "415000000",
            "nonInterestIncome": "8613000000",
            "otherNonOperatingIncome": "9000000",
            "depreciation": "None",
            "depreciationAndAmortization": "533000000",
            "incomeBeforeTax": "1526000000",
            "incomeTaxExpense": "212000000",
            "interestAndDebtExpense": "498000000",
            "netIncomeFromContinuingOperations": "1314000000",
            "comprehensiveIncomeNetOfTax": "1314000000",
            "ebit": "1941000000",
            "ebitda": "2474000000",
            "netIncome": "1314000000"
        },
        {
            "fiscalDateEnding": "2020-12-31",
            "reportedCurrency": "USD",
            "grossProfit": "4505000000",
            "totalRevenue": "7611000000",
            "costOfRevenue": "2950000000",
            "costofGoodsAndServicesSold": "3941000000",
            "operatingIncome": "858000000",
            "sellingGeneralAndAdministrative": "1468000000",
            "researchAndDevelopment": "263000000",
            "operatingExpenses": "3273000000",
            "investmentIncomeNet": "None",
            "netInterestIncome": "-394000000",
            "interestIncome": "None",
            "interestExpense": "394000000",
            "nonInterestIncome": "8000000000",
            "otherNonOperatingIncome": "6000000",
            "depreciation": "None",
            "depreciationAndAmortization": "506000000",
            "incomeBeforeTax": "430000000",
            "incomeTaxExpense": "299000000",
            "interestAndDebtExpense": "434000000",
            "netIncomeFromContinuingOperations": "131000000",
            "comprehensiveIncomeNetOfTax": "138000000",
            "ebit": "824000000",
            "ebitda": "1330000000",
            "netIncome": "131000000"
        },
        {
            "fiscalDateEnding": "2019-12-31",
            "reportedCurrency": "USD",
            "grossProfit": "4411000000",
            "totalRevenue": "7350000000",
            "costOfRevenue": "5396000000",
            "costofGoodsAndServicesSold": "3383000000",
            "operatingIncome": "1647000000",
            "sellingGeneralAndAdministrative": "1461000000",
            "researchAndDevelopment": "280000000",
            "operatingExpenses": "2346000000",
            "investmentIncomeNet": "None",
            "netInterestIncome": "-390000000",
            "interestIncome": "387000000",
            "interestExpense": "390000000",
            "nonInterestIncome": "7737000000",
            "otherNonOperatingIncome": "-3000000",
            "depreciation": "None",
            "depreciationAndAmortization": "468000000",
            "incomeBeforeTax": "1197000000",
            "incomeTaxExpense": "283000000",
            "interestAndDebtExpense": "447000000",
            "netIncomeFromContinuingOperations": "914000000",
            "comprehensiveIncomeNetOfTax": "928000000",
            "ebit": "1587000000",
            "ebitda": "2055000000",
            "netIncome": "914000000"
        },
        {
            "fiscalDateEnding": "2018-12-31",
            "reportedCurrency": "USD",
            "grossProfit": "4279036000",
            "totalRevenue": "5420619000",
            "costOfRevenue": "1141583000",
            "costofGoodsAndServicesSold": "2308606000",
            "operatingIncome": "1727000000",
            "sellingGeneralAndAdministrative": "840863000",
            "researchAndDevelopment": "123000000",
            "operatingExpenses": "1315626000",
            "investmentIncomeNet": "None",
            "netInterestIncome": "-350073000",
            "interestIncome": "-73000",
            "interestExpense": "350000000",
            "nonInterestIncome": "5770692000",
            "otherNonOperatingIncome": "44000000",
            "depreciation": "None",
            "depreciationAndAmortization": "301000000",
            "incomeBeforeTax": "1421000000",
            "incomeTaxExpense": "245000000",
            "interestAndDebtExpense": "350073000",
            "netIncomeFromContinuingOperations": "1175893000",
            "comprehensiveIncomeNetOfTax": "1147000000",
            "ebit": "1771000000",
            "ebitda": "2072000000",
            "netIncome": "1176000000"
        }
    ],
    "quarterlyReports": [
        {
            "fiscalDateEnding": "2023-03-31",
            "reportedCurrency": "USD",
            "grossProfit": "1129000000",
            "totalRevenue": "2040000000",
            "costOfRevenue": "535000000",
            "costofGoodsAndServicesSold": "1114000000",
            "operatingIncome": "412000000",
            "sellingGeneralAndAdministrative": "371000000",
            "researchAndDevelopment": "79000000",
            "operatingExpenses": "628000000",
            "investmentIncomeNet": "None",
            "netInterestIncome": "-107000000",
            "interestIncome": "None",
            "interestExpense": "107000000",
            "nonInterestIncome": "2144000000",
            "otherNonOperatingIncome": "3000000",
            "depreciation": "None",
            "depreciationAndAmortization": "136000000",
            "incomeBeforeTax": "308000000",
            "incomeTaxExpense": "75000000",
            "interestAndDebtExpense": "107000000",
            "netIncomeFromContinuingOperations": "233000000",
            "comprehensiveIncomeNetOfTax": "233000000",
            "ebit": "415000000",
            "ebitda": "551000000",
            "netIncome": "233000000"
        },
        {
            "fiscalDateEnding": "2022-12-31",
            "reportedCurrency": "USD",
            "grossProfit": "1242000000",
            "totalRevenue": "2177000000",
            "costOfRevenue": "545000000",
            "costofGoodsAndServicesSold": "1139000000",
            "operatingIncome": "562000000",
            "sellingGeneralAndAdministrative": "380000000",
            "researchAndDevelopment": "77000000",
            "operatingExpenses": "638000000",
            "investmentIncomeNet": "None",
            "netInterestIncome": "-108000000",
            "interestIncome": "None",
            "interestExpense": "108000000",
            "nonInterestIncome": "2283000000",
            "otherNonOperatingIncome": "-4000000",
            "depreciation": "None",
            "depreciationAndAmortization": "132000000",
            "incomeBeforeTax": "450000000",
            "incomeTaxExpense": "85000000",
            "interestAndDebtExpense": "108000000",
            "netIncomeFromContinuingOperations": "365000000",
            "comprehensiveIncomeNetOfTax": "369000000",
            "ebit": "558000000",
            "ebitda": "690000000",
            "netIncome": "365000000"
        },
        {
            "fiscalDateEnding": "2022-09-30",
            "reportedCurrency": "USD",
            "grossProfit": "1250000000",
            "totalRevenue": "2174000000",
            "costOfRevenue": "569000000",
            "costofGoodsAndServicesSold": "1127000000",
            "operatingIncome": "467000000",
            "sellingGeneralAndAdministrative": "413000000",
            "researchAndDevelopment": "70000000",
            "operatingExpenses": "639000000",
            "investmentIncomeNet": "None",
            "netInterestIncome": "-107000000",
            "interestIncome": "None",
            "interestExpense": "107000000",
            "nonInterestIncome": "2280000000",
            "otherNonOperatingIncome": "-3000000",
            "depreciation": "None",
            "depreciationAndAmortization": "134000000",
            "incomeBeforeTax": "357000000",
            "incomeTaxExpense": "110000000",
            "interestAndDebtExpense": "107000000",
            "netIncomeFromContinuingOperations": "247000000",
            "comprehensiveIncomeNetOfTax": "226000000",
            "ebit": "464000000",
            "ebitda": "598000000",
            "netIncome": "247000000"
        },
        {
            "fiscalDateEnding": "2022-06-30",
            "reportedCurrency": "USD",
            "grossProfit": "1218000000",
            "totalRevenue": "2149000000",
            "costOfRevenue": "548000000",
            "costofGoodsAndServicesSold": "1137000000",
            "operatingIncome": "496000000",
            "sellingGeneralAndAdministrative": "412000000",
            "researchAndDevelopment": "72000000",
            "operatingExpenses": "620000000",
            "investmentIncomeNet": "None",
            "netInterestIncome": "-104000000",
            "interestIncome": "None",
            "interestExpense": "104000000",
            "nonInterestIncome": "2253000000",
            "otherNonOperatingIncome": "-4000000",
            "depreciation": "None",
            "depreciationAndAmortization": "135000000",
            "incomeBeforeTax": "388000000",
            "incomeTaxExpense": "96000000",
            "interestAndDebtExpense": "104000000",
            "netIncomeFromContinuingOperations": "292000000",
            "comprehensiveIncomeNetOfTax": "282000000",
            "ebit": "492000000",
            "ebitda": "627000000",
            "netIncome": "292000000"
        },
        {
            "fiscalDateEnding": "2022-03-31",
            "reportedCurrency": "USD",
            "grossProfit": "1207000000",
            "totalRevenue": "2081000000",
            "costOfRevenue": "531000000",
            "costofGoodsAndServicesSold": "1079000000",
            "operatingIncome": "510000000",
            "sellingGeneralAndAdministrative": "395000000",
            "researchAndDevelopment": "67000000",
            "operatingExpenses": "613000000",
            "investmentIncomeNet": "None",
            "netInterestIncome": "-103000000",
            "interestIncome": "None",
            "interestExpense": "103000000",
            "nonInterestIncome": "2186000000",
            "otherNonOperatingIncome": "2000000",
            "depreciation": "None",
            "depreciationAndAmortization": "135000000",
            "incomeBeforeTax": "409000000",
            "incomeTaxExpense": "100000000",
            "interestAndDebtExpense": "103000000",
            "netIncomeFromContinuingOperations": "309000000",
            "comprehensiveIncomeNetOfTax": "317000000",
            "ebit": "512000000",
            "ebitda": "647000000",
            "netIncome": "309000000"
        },
        {
            "fiscalDateEnding": "2021-12-31",
            "reportedCurrency": "USD",
            "grossProfit": "1245000000",
            "totalRevenue": "2180000000",
            "costOfRevenue": "600000000",
            "costofGoodsAndServicesSold": "1128000000",
            "operatingIncome": "475000000",
            "sellingGeneralAndAdministrative": "469000000",
            "researchAndDevelopment": "68000000",
            "operatingExpenses": "679000000",
            "investmentIncomeNet": "None",
            "netInterestIncome": "-102000000",
            "interestIncome": "None",
            "interestExpense": "102000000",
            "nonInterestIncome": "2281000000",
            "otherNonOperatingIncome": "1000000",
            "depreciation": "None",
            "depreciationAndAmortization": "134000000",
            "incomeBeforeTax": "374000000",
            "incomeTaxExpense": "55000000",
            "interestAndDebtExpense": "102000000",
            "netIncomeFromContinuingOperations": "319000000",
            "comprehensiveIncomeNetOfTax": "317000000",
            "ebit": "476000000",
            "ebitda": "610000000",
            "netIncome": "319000000"
        },
        {
            "fiscalDateEnding": "2021-09-30",
            "reportedCurrency": "USD",
            "grossProfit": "1212000000",
            "totalRevenue": "2006000000",
            "costOfRevenue": "529000000",
            "costofGoodsAndServicesSold": "1068000000",
            "operatingIncome": "628000000",
            "sellingGeneralAndAdministrative": "394000000",
            "researchAndDevelopment": "68000000",
            "operatingExpenses": "517000000",
            "investmentIncomeNet": "None",
            "netInterestIncome": "-111000000",
            "interestIncome": "None",
            "interestExpense": "111000000",
            "nonInterestIncome": "2115000000",
            "otherNonOperatingIncome": "-1000000",
            "depreciation": "None",
            "depreciationAndAmortization": "135000000",
            "incomeBeforeTax": "433000000",
            "incomeTaxExpense": "90000000",
            "interestAndDebtExpense": "194000000",
            "netIncomeFromContinuingOperations": "343000000",
            "comprehensiveIncomeNetOfTax": "333000000",
            "ebit": "544000000",
            "ebitda": "679000000",
            "netIncome": "343000000"
        },
        {
            "fiscalDateEnding": "2021-06-30",
            "reportedCurrency": "USD",
            "grossProfit": "1189000000",
            "totalRevenue": "2056000000",
            "costOfRevenue": "504000000",
            "costofGoodsAndServicesSold": "1071000000",
            "operatingIncome": "658000000",
            "sellingGeneralAndAdministrative": "370000000",
            "researchAndDevelopment": "65000000",
            "operatingExpenses": "429000000",
            "investmentIncomeNet": "None",
            "netInterestIncome": "-103000000",
            "interestIncome": "None",
            "interestExpense": "103000000",
            "nonInterestIncome": "2159000000",
            "otherNonOperatingIncome": "5000000",
            "depreciation": "None",
            "depreciationAndAmortization": "131000000",
            "incomeBeforeTax": "560000000",
            "incomeTaxExpense": "127000000",
            "interestAndDebtExpense": "103000000",
            "netIncomeFromContinuingOperations": "433000000",
            "comprehensiveIncomeNetOfTax": "440000000",
            "ebit": "663000000",
            "ebitda": "794000000",
            "netIncome": "433000000"
        },
        {
            "fiscalDateEnding": "2021-03-31",
            "reportedCurrency": "USD",
            "grossProfit": "1130000000",
            "totalRevenue": "1960000000",
            "costOfRevenue": "488000000",
            "costofGoodsAndServicesSold": "1025000000",
            "operatingIncome": "254000000",
            "sellingGeneralAndAdministrative": "338000000",
            "researchAndDevelopment": "64000000",
            "operatingExpenses": "562000000",
            "investmentIncomeNet": "None",
            "netInterestIncome": "-100000000",
            "interestIncome": "None",
            "interestExpense": "100000000",
            "nonInterestIncome": "2058000000",
            "otherNonOperatingIncome": "3000000",
            "depreciation": "None",
            "depreciationAndAmortization": "132000000",
            "incomeBeforeTax": "157000000",
            "incomeTaxExpense": "-62000000",
            "interestAndDebtExpense": "100000000",
            "netIncomeFromContinuingOperations": "219000000",
            "comprehensiveIncomeNetOfTax": "224000000",
            "ebit": "257000000",
            "ebitda": "389000000",
            "netIncome": "219000000"
        },
        {
            "fiscalDateEnding": "2020-12-31",
            "reportedCurrency": "USD",
            "grossProfit": "1233000000",
            "totalRevenue": "2189000000",
            "costOfRevenue": "968000000",
            "costofGoodsAndServicesSold": "968000000",
            "operatingIncome": "-503000000",
            "sellingGeneralAndAdministrative": "447000000",
            "researchAndDevelopment": "67000000",
            "operatingExpenses": "1627000000",
            "investmentIncomeNet": "None",
            "netInterestIncome": "-97000000",
            "interestIncome": "None",
            "interestExpense": "97000000",
            "nonInterestIncome": "2189000000",
            "otherNonOperatingIncome": "-4000000",
            "depreciation": "None",
            "depreciationAndAmortization": "125000000",
            "incomeBeforeTax": "-604000000",
            "incomeTaxExpense": "73000000",
            "interestAndDebtExpense": "97000000",
            "netIncomeFromContinuingOperations": "-503000000",
            "comprehensiveIncomeNetOfTax": "-662000000",
            "ebit": "-507000000",
            "ebitda": "-382000000",
            "netIncome": "-677000000"
        },
        {
            "fiscalDateEnding": "2020-09-30",
            "reportedCurrency": "USD",
            "grossProfit": "1141000000",
            "totalRevenue": "2025000000",
            "costOfRevenue": "884000000",
            "costofGoodsAndServicesSold": "895000000",
            "operatingIncome": "478000000",
            "sellingGeneralAndAdministrative": "353000000",
            "researchAndDevelopment": "64000000",
            "operatingExpenses": "542000000",
            "investmentIncomeNet": "None",
            "netInterestIncome": "-96000000",
            "interestIncome": "None",
            "interestExpense": "96000000",
            "nonInterestIncome": "1985000000",
            "otherNonOperatingIncome": "2000000",
            "depreciation": "None",
            "depreciationAndAmortization": "125000000",
            "incomeBeforeTax": "344000000",
            "incomeTaxExpense": "72000000",
            "interestAndDebtExpense": "136000000",
            "netIncomeFromContinuingOperations": "272000000",
            "comprehensiveIncomeNetOfTax": "279000000",
            "ebit": "440000000",
            "ebitda": "565000000",
            "netIncome": "272000000"
        },
        {
            "fiscalDateEnding": "2020-06-30",
            "reportedCurrency": "USD",
            "grossProfit": "1018000000",
            "totalRevenue": "1773000000",
            "costOfRevenue": "1316000000",
            "costofGoodsAndServicesSold": "856000000",
            "operatingIncome": "415000000",
            "sellingGeneralAndAdministrative": "336000000",
            "researchAndDevelopment": "61000000",
            "operatingExpenses": "521000000",
            "investmentIncomeNet": "None",
            "netInterestIncome": "-102000000",
            "interestIncome": "None",
            "interestExpense": "102000000",
            "nonInterestIncome": "1874000000",
            "otherNonOperatingIncome": "4000000",
            "depreciation": "None",
            "depreciationAndAmortization": "124000000",
            "incomeBeforeTax": "317000000",
            "incomeTaxExpense": "74000000",
            "interestAndDebtExpense": "102000000",
            "netIncomeFromContinuingOperations": "243000000",
            "comprehensiveIncomeNetOfTax": "253000000",
            "ebit": "419000000",
            "ebitda": "543000000",
            "netIncome": "243000000"
        },
        {
            "fiscalDateEnding": "2020-03-31",
            "reportedCurrency": "USD",
            "grossProfit": "1113000000",
            "totalRevenue": "1848000000",
            "costOfRevenue": "1303000000",
            "costofGoodsAndServicesSold": "839000000",
            "operatingIncome": "468000000",
            "sellingGeneralAndAdministrative": "332000000",
            "researchAndDevelopment": "71000000",
            "operatingExpenses": "554000000",
            "investmentIncomeNet": "None",
            "netInterestIncome": "-99000000",
            "interestIncome": "99000000",
            "interestExpense": "99000000",
            "nonInterestIncome": "1952000000",
            "otherNonOperatingIncome": "4000000",
            "depreciation": "None",
            "depreciationAndAmortization": "132000000",
            "incomeBeforeTax": "373000000",
            "incomeTaxExpense": "80000000",
            "interestAndDebtExpense": "99000000",
            "netIncomeFromContinuingOperations": "293000000",
            "comprehensiveIncomeNetOfTax": "268000000",
            "ebit": "472000000",
            "ebitda": "604000000",
            "netIncome": "293000000"
        },
        {
            "fiscalDateEnding": "2019-12-31",
            "reportedCurrency": "USD",
            "grossProfit": "1160000000",
            "totalRevenue": "2062000000",
            "costOfRevenue": "-916000000",
            "costofGoodsAndServicesSold": "-916000000",
            "operatingIncome": "399000000",
            "sellingGeneralAndAdministrative": "434000000",
            "researchAndDevelopment": "74000000",
            "operatingExpenses": "646000000",
            "investmentIncomeNet": "None",
            "netInterestIncome": "-99000000",
            "interestIncome": "99000000",
            "interestExpense": "99000000",
            "nonInterestIncome": "2062000000",
            "otherNonOperatingIncome": "-1000000",
            "depreciation": "None",
            "depreciationAndAmortization": "124000000",
            "incomeBeforeTax": "299000000",
            "incomeTaxExpense": "56000000",
            "interestAndDebtExpense": "99000000",
            "netIncomeFromContinuingOperations": "399000000",
            "comprehensiveIncomeNetOfTax": "248000000",
            "ebit": "398000000",
            "ebitda": "522000000",
            "netIncome": "243000000"
        },
        {
            "fiscalDateEnding": "2019-09-30",
            "reportedCurrency": "USD",
            "grossProfit": "1141000000",
            "totalRevenue": "2011000000",
            "costOfRevenue": "870000000",
            "costofGoodsAndServicesSold": "870000000",
            "operatingIncome": "476000000",
            "sellingGeneralAndAdministrative": "357000000",
            "researchAndDevelopment": "78000000",
            "operatingExpenses": "553000000",
            "investmentIncomeNet": "None",
            "netInterestIncome": "-104000000",
            "interestIncome": "104000000",
            "interestExpense": "104000000",
            "nonInterestIncome": "1955000000",
            "otherNonOperatingIncome": "0",
            "depreciation": "None",
            "depreciationAndAmortization": "118000000",
            "incomeBeforeTax": "316000000",
            "incomeTaxExpense": "70000000",
            "interestAndDebtExpense": "160000000",
            "netIncomeFromContinuingOperations": "246000000",
            "comprehensiveIncomeNetOfTax": "241000000",
            "ebit": "420000000",
            "ebitda": "538000000",
            "netIncome": "246000000"
        },
        {
            "fiscalDateEnding": "2019-06-30",
            "reportedCurrency": "USD",
            "grossProfit": "1105000000",
            "totalRevenue": "1881000000",
            "costOfRevenue": "1350000000",
            "costofGoodsAndServicesSold": "872000000",
            "operatingIncome": "439000000",
            "sellingGeneralAndAdministrative": "352000000",
            "researchAndDevelopment": "74000000",
            "operatingExpenses": "552000000",
            "investmentIncomeNet": "None",
            "netInterestIncome": "-97000000",
            "interestIncome": "97000000",
            "interestExpense": "97000000",
            "nonInterestIncome": "1977000000",
            "otherNonOperatingIncome": "-3000000",
            "depreciation": "None",
            "depreciationAndAmortization": "119000000",
            "incomeBeforeTax": "339000000",
            "incomeTaxExpense": "76000000",
            "interestAndDebtExpense": "97000000",
            "netIncomeFromContinuingOperations": "263000000",
            "comprehensiveIncomeNetOfTax": "270000000",
            "ebit": "436000000",
            "ebitda": "555000000",
            "netIncome": "263000000"
        },
        {
            "fiscalDateEnding": "2019-03-31",
            "reportedCurrency": "USD",
            "grossProfit": "1005000000",
            "totalRevenue": "1653000000",
            "costOfRevenue": "501000000",
            "costofGoodsAndServicesSold": "-748000000",
            "operatingIncome": "333000000",
            "sellingGeneralAndAdministrative": "318000000",
            "researchAndDevelopment": "54000000",
            "operatingExpenses": "569000000",
            "investmentIncomeNet": "None",
            "netInterestIncome": "-90000000",
            "interestIncome": "88000000",
            "interestExpense": "90000000",
            "nonInterestIncome": "1743000000",
            "otherNonOperatingIncome": "1000000",
            "depreciation": "None",
            "depreciationAndAmortization": "107000000",
            "incomeBeforeTax": "243000000",
            "incomeTaxExpense": "81000000",
            "interestAndDebtExpense": "91000000",
            "netIncomeFromContinuingOperations": "162000000",
            "comprehensiveIncomeNetOfTax": "169000000",
            "ebit": "333000000",
            "ebitda": "440000000",
            "netIncome": "162000000"
        },
        {
            "fiscalDateEnding": "2018-12-31",
            "reportedCurrency": "USD",
            "grossProfit": "1495908000",
            "totalRevenue": "1495908000",
            "costOfRevenue": "-572000000",
            "costofGoodsAndServicesSold": "-572000000",
            "operatingIncome": "459000000",
            "sellingGeneralAndAdministrative": "233327000",
            "researchAndDevelopment": "34000000",
            "operatingExpenses": "359083000",
            "investmentIncomeNet": "None",
            "netInterestIncome": "-87149000",
            "interestIncome": "-149000",
            "interestExpense": "87000000",
            "nonInterestIncome": "1495908000",
            "otherNonOperatingIncome": "-38000000",
            "depreciation": "None",
            "depreciationAndAmortization": "79000000",
            "incomeBeforeTax": "334000000",
            "incomeTaxExpense": "83000000",
            "interestAndDebtExpense": "87149000",
            "netIncomeFromContinuingOperations": "459173000",
            "comprehensiveIncomeNetOfTax": "232000000",
            "ebit": "421000000",
            "ebitda": "500000000",
            "netIncome": "251000000"
        },
        {
            "fiscalDateEnding": "2018-09-30",
            "reportedCurrency": "USD",
            "grossProfit": "1101554000",
            "totalRevenue": "1381165000",
            "costOfRevenue": "279611000",
            "costofGoodsAndServicesSold": "-565000000",
            "operatingIncome": "482000000",
            "sellingGeneralAndAdministrative": "204101000",
            "researchAndDevelopment": "31000000",
            "operatingExpenses": "310622000",
            "investmentIncomeNet": "None",
            "netInterestIncome": "-86218000",
            "interestIncome": "-218000",
            "interestExpense": "86000000",
            "nonInterestIncome": "1467383000",
            "otherNonOperatingIncome": "-42000000",
            "depreciation": "None",
            "depreciationAndAmortization": "76000000",
            "incomeBeforeTax": "355000000",
            "incomeTaxExpense": "12000000",
            "interestAndDebtExpense": "86218000",
            "netIncomeFromContinuingOperations": "343048000",
            "comprehensiveIncomeNetOfTax": "351000000",
            "ebit": "441000000",
            "ebitda": "517000000",
            "netIncome": "343000000"
        },
        {
            "fiscalDateEnding": "2018-06-30",
            "reportedCurrency": "USD",
            "grossProfit": "1058641000",
            "totalRevenue": "1345382000",
            "costOfRevenue": "286741000",
            "costofGoodsAndServicesSold": "-637000000",
            "operatingIncome": "362000000",
            "sellingGeneralAndAdministrative": "212118000",
            "researchAndDevelopment": "27000000",
            "operatingExpenses": "314226000",
            "investmentIncomeNet": "None",
            "netInterestIncome": "-86917000",
            "interestIncome": "-917000",
            "interestExpense": "86000000",
            "nonInterestIncome": "1432299000",
            "otherNonOperatingIncome": "88000000",
            "depreciation": "None",
            "depreciationAndAmortization": "75000000",
            "incomeBeforeTax": "363000000",
            "incomeTaxExpense": "71000000",
            "interestAndDebtExpense": "86917000",
            "netIncomeFromContinuingOperations": "292352000",
            "comprehensiveIncomeNetOfTax": "284000000",
            "ebit": "449000000",
            "ebitda": "524000000",
            "netIncome": "292000000"
        }
    ]
}