{
    "symbol": "SOFI",
    "annualReports": [
        {
            "fiscalDateEnding": "2022-12-31",
            "reportedCurrency": "USD",
            "grossProfit": "1449584000",
            "totalRevenue": "1762810000",
            "costOfRevenue": "313226000",
            "costofGoodsAndServicesSold": "None",
            "operatingIncome": "-360148000",
            "sellingGeneralAndAdministrative": "1119441000",
            "researchAndDevelopment": "405257000",
            "operatingExpenses": "1620457000",
            "investmentIncomeNet": "None",
            "netInterestIncome": "584096000",
            "interestIncome": "773371000",
            "interestExpense": "189275000",
            "nonInterestIncome": "989439000",
            "otherNonOperatingIncome": "None",
            "depreciation": "None",
            "depreciationAndAmortization": "95173000",
            "incomeBeforeTax": "-318721000",
            "incomeTaxExpense": "1686000",
            "interestAndDebtExpense": "189275000",
            "netIncomeFromContinuingOperations": "-320407000",
            "comprehensiveIncomeNetOfTax": "-327232000",
            "ebit": "-129446000",
            "ebitda": "-34273000",
            "netIncome": "-320407000"
        },
        {
            "fiscalDateEnding": "2021-12-31",
            "reportedCurrency": "USD",
            "grossProfit": "830668000",
            "totalRevenue": "1087648000",
            "costOfRevenue": "256980000",
            "costofGoodsAndServicesSold": "256980000",
            "operatingIncome": "-548594000",
            "sellingGeneralAndAdministrative": "925409000",
            "researchAndDevelopment": "276087000",
            "operatingExpenses": "1277203000",
            "investmentIncomeNet": "211000",
            "netInterestIncome": "252244000",
            "interestIncome": "355020000",
            "interestExpense": "102776000",
            "nonInterestIncome": "732628000",
            "otherNonOperatingIncome": "None",
            "depreciation": "None",
            "depreciationAndAmortization": "72664000",
            "incomeBeforeTax": "-481177000",
            "incomeTaxExpense": "2760000",
            "interestAndDebtExpense": "102776000",
            "netIncomeFromContinuingOperations": "-483937000",
            "comprehensiveIncomeNetOfTax": "-485242000",
            "ebit": "-378401000",
            "ebitda": "-305737000",
            "netIncome": "-483937000"
        },
        {
            "fiscalDateEnding": "2020-12-31",
            "reportedCurrency": "USD",
            "grossProfit": "572242000",
            "totalRevenue": "751138000",
            "costOfRevenue": "178896000",
            "costofGoodsAndServicesSold": "178896000",
            "operatingIncome": "-384923000",
            "sellingGeneralAndAdministrative": "513958000",
            "researchAndDevelopment": "201199000",
            "operatingExpenses": "772379000",
            "investmentIncomeNet": "3189000",
            "netInterestIncome": "177931000",
            "interestIncome": "363537000",
            "interestExpense": "185606000",
            "nonInterestIncome": "387601000",
            "otherNonOperatingIncome": "None",
            "depreciation": "None",
            "depreciationAndAmortization": "50454000",
            "incomeBeforeTax": "-328521000",
            "incomeTaxExpense": "-104468000",
            "interestAndDebtExpense": "185606000",
            "netIncomeFromContinuingOperations": "-224053000",
            "comprehensiveIncomeNetOfTax": "-224198000",
            "ebit": "-142915000",
            "ebitda": "-92461000",
            "netIncome": "-224053000"
        }
    ],
    "quarterlyReports": [
        {
            "fiscalDateEnding": "2023-03-31",
            "reportedCurrency": "USD",
            "grossProfit": "523804000",
            "totalRevenue": "607712000",
            "costOfRevenue": "83908000",
            "costofGoodsAndServicesSold": "None",
            "operatingIncome": "-32994000",
            "sellingGeneralAndAdministrative": "298843000",
            "researchAndDevelopment": "117059000",
            "operatingExpenses": "421244000",
            "investmentIncomeNet": "None",
            "netInterestIncome": "236010000",
            "interestIncome": "371564000",
            "interestExpense": "135554000",
            "nonInterestIncome": "236148000",
            "otherNonOperatingIncome": "None",
            "depreciation": "None",
            "depreciationAndAmortization": "45321000",
            "incomeBeforeTax": "-36059000",
            "incomeTaxExpense": "-1637000",
            "interestAndDebtExpense": "135554000",
            "netIncomeFromContinuingOperations": "-34422000",
            "comprehensiveIncomeNetOfTax": "-32467000",
            "ebit": "99495000",
            "ebitda": "99495000",
            "netIncome": "-34422000"
        },
        {
            "fiscalDateEnding": "2022-12-31",
            "reportedCurrency": "USD",
            "grossProfit": "1772692000",
            "totalRevenue": "555503000",
            "costOfRevenue": "-1316013000",
            "costofGoodsAndServicesSold": "None",
            "operatingIncome": "1276457000",
            "sellingGeneralAndAdministrative": "286787000",
            "researchAndDevelopment": "113281000",
            "operatingExpenses": "496235000",
            "investmentIncomeNet": "None",
            "netInterestIncome": "208584000",
            "interestIncome": "307408000",
            "interestExpense": "98824000",
            "nonInterestIncome": "248095000",
            "otherNonOperatingIncome": "None",
            "depreciation": "None",
            "depreciationAndAmortization": "42353000",
            "incomeBeforeTax": "-38949000",
            "incomeTaxExpense": "1057000",
            "interestAndDebtExpense": "98824000",
            "netIncomeFromContinuingOperations": "-40006000",
            "comprehensiveIncomeNetOfTax": "-38702000",
            "ebit": "59875000",
            "ebitda": "102228000",
            "netIncome": "-40006000"
        },
        {
            "fiscalDateEnding": "2022-09-30",
            "reportedCurrency": "USD",
            "grossProfit": "-157534000",
            "totalRevenue": "464174000",
            "costOfRevenue": "581519000",
            "costofGoodsAndServicesSold": "83083000",
            "operatingIncome": "-555635000",
            "sellingGeneralAndAdministrative": "288328000",
            "researchAndDevelopment": "110702000",
            "operatingExpenses": "398101000",
            "investmentIncomeNet": "None",
            "netInterestIncome": "157850000",
            "interestIncome": "198039000",
            "interestExpense": "40189000",
            "nonInterestIncome": "266135000",
            "otherNonOperatingIncome": "None",
            "depreciation": "None",
            "depreciationAndAmortization": "40253000",
            "incomeBeforeTax": "-74451000",
            "incomeTaxExpense": "-242000",
            "interestAndDebtExpense": "40189000",
            "netIncomeFromContinuingOperations": "-74209000",
            "comprehensiveIncomeNetOfTax": "-75798000",
            "ebit": "-34262000",
            "ebitda": "5991000",
            "netIncome": "-74209000"
        },
        {
            "fiscalDateEnding": "2022-06-30",
            "reportedCurrency": "USD",
            "grossProfit": "-174807000",
            "totalRevenue": "389310000",
            "costOfRevenue": "537334000",
            "costofGoodsAndServicesSold": "79091000",
            "operatingIncome": "-544968000",
            "sellingGeneralAndAdministrative": "269683000",
            "researchAndDevelopment": "99366000",
            "operatingExpenses": "370161000",
            "investmentIncomeNet": "None",
            "netInterestIncome": "122729000",
            "interestIncome": "149512000",
            "interestExpense": "26783000",
            "nonInterestIncome": "239798000",
            "otherNonOperatingIncome": "None",
            "depreciation": "None",
            "depreciationAndAmortization": "38056000",
            "incomeBeforeTax": "-95716000",
            "incomeTaxExpense": "119000",
            "interestAndDebtExpense": "26783000",
            "netIncomeFromContinuingOperations": "-95835000",
            "comprehensiveIncomeNetOfTax": "-97882000",
            "ebit": "-68933000",
            "ebitda": "-30877000",
            "netIncome": "-95835000"
        },
        {
            "fiscalDateEnding": "2022-03-31",
            "reportedCurrency": "USD",
            "grossProfit": "283386000",
            "totalRevenue": "353823000",
            "costOfRevenue": "70437000",
            "costofGoodsAndServicesSold": "70437000",
            "operatingIncome": "-561924000",
            "sellingGeneralAndAdministrative": "274643000",
            "researchAndDevelopment": "81908000",
            "operatingExpenses": "355960000",
            "investmentIncomeNet": "None",
            "netInterestIncome": "94933000",
            "interestIncome": "118412000",
            "interestExpense": "23479000",
            "nonInterestIncome": "235411000",
            "otherNonOperatingIncome": "None",
            "depreciation": "None",
            "depreciationAndAmortization": "30698000",
            "incomeBeforeTax": "-109605000",
            "incomeTaxExpense": "752000",
            "interestAndDebtExpense": "23479000",
            "netIncomeFromContinuingOperations": "-110357000",
            "comprehensiveIncomeNetOfTax": "-114850000",
            "ebit": "-86126000",
            "ebitda": "-55428000",
            "netIncome": "-110357000"
        },
        {
            "fiscalDateEnding": "2021-12-31",
            "reportedCurrency": "USD",
            "grossProfit": "234619000",
            "totalRevenue": "303814000",
            "costOfRevenue": "69195000",
            "costofGoodsAndServicesSold": "69195000",
            "operatingIncome": "-177048000",
            "sellingGeneralAndAdministrative": "254865000",
            "researchAndDevelopment": "66316000",
            "operatingExpenses": "394178000",
            "investmentIncomeNet": "0",
            "netInterestIncome": "76577000",
            "interestIncome": "94783000",
            "interestExpense": "18206000",
            "nonInterestIncome": "209031000",
            "otherNonOperatingIncome": "None",
            "depreciation": "None",
            "depreciationAndAmortization": "26527000",
            "incomeBeforeTax": "-109454000",
            "incomeTaxExpense": "1558000",
            "interestAndDebtExpense": "18206000",
            "netIncomeFromContinuingOperations": "-111012000",
            "comprehensiveIncomeNetOfTax": "-112025000",
            "ebit": "-91248000",
            "ebitda": "-64721000",
            "netIncome": "-111012000"
        },
        {
            "fiscalDateEnding": "2021-09-30",
            "reportedCurrency": "USD",
            "grossProfit": "223641000",
            "totalRevenue": "293232000",
            "costOfRevenue": "69591000",
            "costofGoodsAndServicesSold": "69591000",
            "operatingIncome": "-28395000",
            "sellingGeneralAndAdministrative": "155446000",
            "researchAndDevelopment": "74434000",
            "operatingExpenses": "230810000",
            "investmentIncomeNet": "0",
            "netInterestIncome": "72375000",
            "interestIncome": "93601000",
            "interestExpense": "21226000",
            "nonInterestIncome": "199631000",
            "otherNonOperatingIncome": "None",
            "depreciation": "None",
            "depreciationAndAmortization": "24075000",
            "incomeBeforeTax": "-29866000",
            "incomeTaxExpense": "181000",
            "interestAndDebtExpense": "21226000",
            "netIncomeFromContinuingOperations": "-30047000",
            "comprehensiveIncomeNetOfTax": "-29993000",
            "ebit": "-8640000",
            "ebitda": "15435000",
            "netIncome": "-30047000"
        },
        {
            "fiscalDateEnding": "2021-06-30",
            "reportedCurrency": "USD",
            "grossProfit": "198746000",
            "totalRevenue": "259370000",
            "costOfRevenue": "60624000",
            "costofGoodsAndServicesSold": "60624000",
            "operatingIncome": "-162904000",
            "sellingGeneralAndAdministrative": "266167000",
            "researchAndDevelopment": "69389000",
            "operatingExpenses": "336201000",
            "investmentIncomeNet": "0",
            "netInterestIncome": "56012000",
            "interestIncome": "84108000",
            "interestExpense": "28096000",
            "nonInterestIncome": "175262000",
            "otherNonOperatingIncome": "None",
            "depreciation": "None",
            "depreciationAndAmortization": "24989000",
            "incomeBeforeTax": "-165392000",
            "incomeTaxExpense": "-78000",
            "interestAndDebtExpense": "28096000",
            "netIncomeFromContinuingOperations": "-165314000",
            "comprehensiveIncomeNetOfTax": "-165580000",
            "ebit": "-137296000",
            "ebitda": "-112307000",
            "netIncome": "-165314000"
        },
        {
            "fiscalDateEnding": "2021-03-31",
            "reportedCurrency": "USD",
            "grossProfit": "173662000",
            "totalRevenue": "231232000",
            "costOfRevenue": "57570000",
            "costofGoodsAndServicesSold": "57570000",
            "operatingIncome": "-5289511",
            "sellingGeneralAndAdministrative": "248931000",
            "researchAndDevelopment": "65948000",
            "operatingExpenses": "316014000",
            "investmentIncomeNet": "211000",
            "netInterestIncome": "47280000",
            "interestIncome": "82528000",
            "interestExpense": "35248000",
            "nonInterestIncome": "148704000",
            "otherNonOperatingIncome": "-55105148",
            "depreciation": "None",
            "depreciationAndAmortization": "25486000",
            "incomeBeforeTax": "-176465000",
            "incomeTaxExpense": "1099000",
            "interestAndDebtExpense": "35248000",
            "netIncomeFromContinuingOperations": "-60394659",
            "comprehensiveIncomeNetOfTax": "-177644000",
            "ebit": "-141217000",
            "ebitda": "-8829000",
            "netIncome": "-177564000"
        },
        {
            "fiscalDateEnding": "2020-12-31",
            "reportedCurrency": "USD",
            "grossProfit": "171731000",
            "totalRevenue": "224741000",
            "costOfRevenue": "53010000",
            "costofGoodsAndServicesSold": "None",
            "operatingIncome": "42512389",
            "sellingGeneralAndAdministrative": "148279000",
            "researchAndDevelopment": "57767000",
            "operatingExpenses": "258222000",
            "investmentIncomeNet": "480000",
            "netInterestIncome": "38823000",
            "interestIncome": "92073000",
            "interestExpense": "53250000",
            "nonInterestIncome": "132668000",
            "otherNonOperatingIncome": "None",
            "depreciation": "None",
            "depreciationAndAmortization": "None",
            "incomeBeforeTax": "-17842393",
            "incomeTaxExpense": "-4949000",
            "interestAndDebtExpense": "53250000",
            "netIncomeFromContinuingOperations": "42214389",
            "comprehensiveIncomeNetOfTax": "42190389",
            "ebit": "35407607",
            "ebitda": "-658611",
            "netIncome": "-12893393"
        },
        {
            "fiscalDateEnding": "2020-09-30",
            "reportedCurrency": "USD",
            "grossProfit": "187871000",
            "totalRevenue": "239692000",
            "costOfRevenue": "51821000",
            "costofGoodsAndServicesSold": "51821000",
            "operatingIncome": "-43176000",
            "sellingGeneralAndAdministrative": "136224000",
            "researchAndDevelopment": "55428000",
            "operatingExpenses": "192142000",
            "investmentIncomeNet": "778000",
            "netInterestIncome": "49212000",
            "interestIncome": "88117000",
            "interestExpense": "38905000",
            "nonInterestIncome": "151575000",
            "otherNonOperatingIncome": "None",
            "depreciation": "None",
            "depreciationAndAmortization": "24676000",
            "incomeBeforeTax": "-42686000",
            "incomeTaxExpense": "192000",
            "interestAndDebtExpense": "38905000",
            "netIncomeFromContinuingOperations": "-42878000",
            "comprehensiveIncomeNetOfTax": "-42854000",
            "ebit": "-3781000",
            "ebitda": "20895000",
            "netIncome": "-42878000"
        },
        {
            "fiscalDateEnding": "2020-06-30",
            "reportedCurrency": "USD",
            "grossProfit": "116862000",
            "totalRevenue": "158270000",
            "costOfRevenue": "41408000",
            "costofGoodsAndServicesSold": "None",
            "operatingIncome": "None",
            "sellingGeneralAndAdministrative": "53404000",
            "researchAndDevelopment": "47833000",
            "operatingExpenses": "None",
            "investmentIncomeNet": "None",
            "netInterestIncome": "42747000",
            "interestIncome": "86065000",
            "interestExpense": "43318000",
            "nonInterestIncome": "72205000",
            "otherNonOperatingIncome": "None",
            "depreciation": "None",
            "depreciationAndAmortization": "None",
            "incomeBeforeTax": "-91960000",
            "incomeTaxExpense": "-99768000",
            "interestAndDebtExpense": "None",
            "netIncomeFromContinuingOperations": "7808000",
            "comprehensiveIncomeNetOfTax": "7772000",
            "ebit": "-48642000",
            "ebitda": "-48642000",
            "netIncome": "7808000"
        }
    ]
}