{
    "symbol": "WOLF",
    "annualReports": [
        {
            "fiscalDateEnding": "2022-06-30",
            "reportedCurrency": "USD",
            "grossProfit": "249300000",
            "totalRevenue": "699200000",
            "costOfRevenue": "708900000",
            "costofGoodsAndServicesSold": "496900000",
            "operatingIncome": "-247800000",
            "sellingGeneralAndAdministrative": "203500000",
            "researchAndDevelopment": "196400000",
            "operatingExpenses": "409500000",
            "investmentIncomeNet": "11800000",
            "netInterestIncome": "-25100000",
            "interestIncome": "11800000",
            "interestExpense": "25100000",
            "nonInterestIncome": "720700000",
            "otherNonOperatingIncome": "-500000",
            "depreciation": "100400000",
            "depreciationAndAmortization": "1200000",
            "incomeBeforeTax": "-191900000",
            "incomeTaxExpense": "9000000",
            "interestAndDebtExpense": "49900000",
            "netIncomeFromContinuingOperations": "-295100000",
            "comprehensiveIncomeNetOfTax": "-228900000",
            "ebit": "-166800000",
            "ebitda": "-165600000",
            "netIncome": "-200900000"
        },
        {
            "fiscalDateEnding": "2021-06-30",
            "reportedCurrency": "USD",
            "grossProfit": "164600000",
            "totalRevenue": "478000000",
            "costOfRevenue": "554600000",
            "costofGoodsAndServicesSold": "361000000",
            "operatingIncome": "-313900000",
            "sellingGeneralAndAdministrative": "181600000",
            "researchAndDevelopment": "177800000",
            "operatingExpenses": "378200000",
            "investmentIncomeNet": "10100000",
            "netInterestIncome": "-45400000",
            "interestIncome": "10100000",
            "interestExpense": "45400000",
            "nonInterestIncome": "522200000",
            "otherNonOperatingIncome": "300000",
            "depreciation": "100500000",
            "depreciationAndAmortization": "1000000",
            "incomeBeforeTax": "-522800000",
            "incomeTaxExpense": "1100000",
            "interestAndDebtExpense": "45400000",
            "netIncomeFromContinuingOperations": "-341300000",
            "comprehensiveIncomeNetOfTax": "-537200000",
            "ebit": "-477400000",
            "ebitda": "-476400000",
            "netIncome": "-523900000"
        },
        {
            "fiscalDateEnding": "2020-06-30",
            "reportedCurrency": "USD",
            "grossProfit": "158500000",
            "totalRevenue": "880600000",
            "costOfRevenue": "876800000",
            "costofGoodsAndServicesSold": "312200000",
            "operatingIncome": "-224100000",
            "sellingGeneralAndAdministrative": "181700000",
            "researchAndDevelopment": "152000000",
            "operatingExpenses": "400800000",
            "investmentIncomeNet": "16400000",
            "netInterestIncome": "-34900000",
            "interestIncome": "16400000",
            "interestExpense": "34900000",
            "nonInterestIncome": "915500000",
            "otherNonOperatingIncome": "2500000",
            "depreciation": "76700000",
            "depreciationAndAmortization": "700000",
            "incomeBeforeTax": "-199700000",
            "incomeTaxExpense": "-8000000",
            "interestAndDebtExpense": "23900000",
            "netIncomeFromContinuingOperations": "-197600000",
            "comprehensiveIncomeNetOfTax": "-185200000",
            "ebit": "-164800000",
            "ebitda": "-164100000",
            "netIncome": "-191700000"
        },
        {
            "fiscalDateEnding": "2019-06-30",
            "reportedCurrency": "USD",
            "grossProfit": "243700000",
            "totalRevenue": "1011000000",
            "costOfRevenue": "1014700000",
            "costofGoodsAndServicesSold": "294500000",
            "operatingIncome": "-93500000",
            "sellingGeneralAndAdministrative": "168900000",
            "researchAndDevelopment": "121100000",
            "operatingExpenses": "551300000",
            "investmentIncomeNet": "-12000000",
            "netInterestIncome": "-26000000",
            "interestIncome": "None",
            "interestExpense": "26000000",
            "nonInterestIncome": "1011000000",
            "otherNonOperatingIncome": "300000",
            "depreciation": "64900000",
            "depreciationAndAmortization": "25400000",
            "incomeBeforeTax": "-379500000",
            "incomeTaxExpense": "-4400000",
            "interestAndDebtExpense": "26000000",
            "netIncomeFromContinuingOperations": "-118500000",
            "comprehensiveIncomeNetOfTax": "-366200000",
            "ebit": "-353500000",
            "ebitda": "-328100000",
            "netIncome": "-375100000"
        },
        {
            "fiscalDateEnding": "2018-06-30",
            "reportedCurrency": "USD",
            "grossProfit": "302000000",
            "totalRevenue": "1488030000",
            "costOfRevenue": "1661282000",
            "costofGoodsAndServicesSold": "622900000",
            "operatingIncome": "-28000000",
            "sellingGeneralAndAdministrative": "170300000",
            "researchAndDevelopment": "127300000",
            "operatingExpenses": "736729000",
            "investmentIncomeNet": "1800000",
            "netInterestIncome": "-7300000",
            "interestIncome": "1827000",
            "interestExpense": "7300000",
            "nonInterestIncome": "-5650000",
            "otherNonOperatingIncome": "-200000",
            "depreciation": "94800000",
            "depreciationAndAmortization": "43300000",
            "incomeBeforeTax": "-281200000",
            "incomeTaxExpense": "-1200000",
            "interestAndDebtExpense": "7300000",
            "netIncomeFromContinuingOperations": "-16400000",
            "comprehensiveIncomeNetOfTax": "-285300000",
            "ebit": "-273900000",
            "ebitda": "-230600000",
            "netIncome": "-280000000"
        }
    ],
    "quarterlyReports": [
        {
            "fiscalDateEnding": "2023-03-31",
            "reportedCurrency": "USD",
            "grossProfit": "68100000",
            "totalRevenue": "215200000",
            "costOfRevenue": "221300000",
            "costofGoodsAndServicesSold": "160600000",
            "operatingIncome": "-101900000",
            "sellingGeneralAndAdministrative": "60500000",
            "researchAndDevelopment": "56100000",
            "operatingExpenses": "118500000",
            "investmentIncomeNet": "22200000",
            "netInterestIncome": "-14100000",
            "interestIncome": "22200000",
            "interestExpense": "14100000",
            "nonInterestIncome": "228700000",
            "otherNonOperatingIncome": "-400000",
            "depreciation": "None",
            "depreciationAndAmortization": "200000",
            "incomeBeforeTax": "-99000000",
            "incomeTaxExpense": "500000",
            "interestAndDebtExpense": "14100000",
            "netIncomeFromContinuingOperations": "-99500000",
            "comprehensiveIncomeNetOfTax": "-94000000",
            "ebit": "-84900000",
            "ebitda": "-84700000",
            "netIncome": "-99500000"
        },
        {
            "fiscalDateEnding": "2022-12-31",
            "reportedCurrency": "USD",
            "grossProfit": "66900000",
            "totalRevenue": "209200000",
            "costOfRevenue": "205300000",
            "costofGoodsAndServicesSold": "149200000",
            "operatingIncome": "-91300000",
            "sellingGeneralAndAdministrative": "55700000",
            "researchAndDevelopment": "57000000",
            "operatingExpenses": "112300000",
            "investmentIncomeNet": "11600000",
            "netInterestIncome": "-7800000",
            "interestIncome": "11600000",
            "interestExpense": "7800000",
            "nonInterestIncome": "216100000",
            "otherNonOperatingIncome": "-1300000",
            "depreciation": "None",
            "depreciationAndAmortization": "200000",
            "incomeBeforeTax": "-90500000",
            "incomeTaxExpense": "400000",
            "interestAndDebtExpense": "7800000",
            "netIncomeFromContinuingOperations": "-90900000",
            "comprehensiveIncomeNetOfTax": "-87200000",
            "ebit": "-82700000",
            "ebitda": "-82500000",
            "netIncome": "-90900000"
        },
        {
            "fiscalDateEnding": "2022-09-30",
            "reportedCurrency": "USD",
            "grossProfit": "79900000",
            "totalRevenue": "235500000",
            "costOfRevenue": "216600000",
            "costofGoodsAndServicesSold": "161400000",
            "operatingIncome": "-75700000",
            "sellingGeneralAndAdministrative": "55000000",
            "researchAndDevelopment": "55200000",
            "operatingExpenses": "63000000",
            "investmentIncomeNet": "4300000",
            "netInterestIncome": "-4800000",
            "interestIncome": "4300000",
            "interestExpense": "4800000",
            "nonInterestIncome": "239400000",
            "otherNonOperatingIncome": "800000",
            "depreciation": "None",
            "depreciationAndAmortization": "200000",
            "incomeBeforeTax": "-26000000",
            "incomeTaxExpense": "200000",
            "interestAndDebtExpense": "4800000",
            "netIncomeFromContinuingOperations": "-26200000",
            "comprehensiveIncomeNetOfTax": "-33200000",
            "ebit": "-21200000",
            "ebitda": "-21000000",
            "netIncome": "-26200000"
        },
        {
            "fiscalDateEnding": "2022-06-30",
            "reportedCurrency": "USD",
            "grossProfit": "78900000",
            "totalRevenue": "221100000",
            "costOfRevenue": "206200000",
            "costofGoodsAndServicesSold": "149600000",
            "operatingIncome": "-58900000",
            "sellingGeneralAndAdministrative": "55000000",
            "researchAndDevelopment": "48200000",
            "operatingExpenses": "105200000",
            "investmentIncomeNet": "4000000",
            "netInterestIncome": "-8000000",
            "interestIncome": "4000000",
            "interestExpense": "8000000",
            "nonInterestIncome": "228200000",
            "otherNonOperatingIncome": "-600000",
            "depreciation": "None",
            "depreciationAndAmortization": "300000",
            "incomeBeforeTax": "32700000",
            "incomeTaxExpense": "300000",
            "interestAndDebtExpense": "8000000",
            "netIncomeFromContinuingOperations": "-61800000",
            "comprehensiveIncomeNetOfTax": "25100000",
            "ebit": "40700000",
            "ebitda": "41000000",
            "netIncome": "32400000"
        },
        {
            "fiscalDateEnding": "2022-03-31",
            "reportedCurrency": "USD",
            "grossProfit": "64000000",
            "totalRevenue": "184100000",
            "costOfRevenue": "177000000",
            "costofGoodsAndServicesSold": "124000000",
            "operatingIncome": "-62300000",
            "sellingGeneralAndAdministrative": "51500000",
            "researchAndDevelopment": "48100000",
            "operatingExpenses": "100500000",
            "investmentIncomeNet": "2800000",
            "netInterestIncome": "-5100000",
            "interestIncome": "2800000",
            "interestExpense": "5100000",
            "nonInterestIncome": "188300000",
            "otherNonOperatingIncome": "200000",
            "depreciation": "None",
            "depreciationAndAmortization": "200000",
            "incomeBeforeTax": "-66100000",
            "incomeTaxExpense": "400000",
            "interestAndDebtExpense": "5100000",
            "netIncomeFromContinuingOperations": "-66500000",
            "comprehensiveIncomeNetOfTax": "-82800000",
            "ebit": "-61000000",
            "ebitda": "-60800000",
            "netIncome": "-66500000"
        },
        {
            "fiscalDateEnding": "2021-12-31",
            "reportedCurrency": "USD",
            "grossProfit": "57000000",
            "totalRevenue": "144100000",
            "costOfRevenue": "166500000",
            "costofGoodsAndServicesSold": "116100000",
            "operatingIncome": "-60900000",
            "sellingGeneralAndAdministrative": "48000000",
            "researchAndDevelopment": "50200000",
            "operatingExpenses": "101100000",
            "investmentIncomeNet": "2400000",
            "netInterestIncome": "-5300000",
            "interestIncome": "2400000",
            "interestExpense": "5300000",
            "nonInterestIncome": "148500000",
            "otherNonOperatingIncome": "-100000",
            "depreciation": "None",
            "depreciationAndAmortization": "300000",
            "incomeBeforeTax": "-88700000",
            "incomeTaxExpense": "8000000",
            "interestAndDebtExpense": "30100000",
            "netIncomeFromContinuingOperations": "-96700000",
            "comprehensiveIncomeNetOfTax": "-100300000",
            "ebit": "-83400000",
            "ebitda": "-83100000",
            "netIncome": "-96700000"
        },
        {
            "fiscalDateEnding": "2021-09-30",
            "reportedCurrency": "USD",
            "grossProfit": "49400000",
            "totalRevenue": "150100000",
            "costOfRevenue": "159200000",
            "costofGoodsAndServicesSold": "107200000",
            "operatingIncome": "-65700000",
            "sellingGeneralAndAdministrative": "49000000",
            "researchAndDevelopment": "49900000",
            "operatingExpenses": "102500000",
            "investmentIncomeNet": "2600000",
            "netInterestIncome": "-6700000",
            "interestIncome": "2600000",
            "interestExpense": "6700000",
            "nonInterestIncome": "155900000",
            "otherNonOperatingIncome": "-200000",
            "depreciation": "None",
            "depreciationAndAmortization": "400000",
            "incomeBeforeTax": "-69800000",
            "incomeTaxExpense": "300000",
            "interestAndDebtExpense": "6700000",
            "netIncomeFromContinuingOperations": "-70100000",
            "comprehensiveIncomeNetOfTax": "-70900000",
            "ebit": "-63100000",
            "ebitda": "-62700000",
            "netIncome": "-70100000"
        },
        {
            "fiscalDateEnding": "2021-06-30",
            "reportedCurrency": "USD",
            "grossProfit": "43800000",
            "totalRevenue": "145800000",
            "costOfRevenue": "102000000",
            "costofGoodsAndServicesSold": "102000000",
            "operatingIncome": "-132700000",
            "sellingGeneralAndAdministrative": "46600000",
            "researchAndDevelopment": "45100000",
            "operatingExpenses": "96100000",
            "investmentIncomeNet": "3300000",
            "netInterestIncome": "-9200000",
            "interestIncome": "3300000",
            "interestExpense": "9200000",
            "nonInterestIncome": "145800000",
            "otherNonOperatingIncome": "400000",
            "depreciation": "None",
            "depreciationAndAmortization": "400000",
            "incomeBeforeTax": "-142500000",
            "incomeTaxExpense": "5100000",
            "interestAndDebtExpense": "9200000",
            "netIncomeFromContinuingOperations": "-145200000",
            "comprehensiveIncomeNetOfTax": "-148400000",
            "ebit": "-133300000",
            "ebitda": "-132900000",
            "netIncome": "-147600000"
        },
        {
            "fiscalDateEnding": "2021-03-31",
            "reportedCurrency": "USD",
            "grossProfit": "44000000",
            "totalRevenue": "126500000",
            "costOfRevenue": "142100000",
            "costofGoodsAndServicesSold": "93300000",
            "operatingIncome": "-61400000",
            "sellingGeneralAndAdministrative": "44200000",
            "researchAndDevelopment": "46000000",
            "operatingExpenses": "94800000",
            "investmentIncomeNet": "1900000",
            "netInterestIncome": "-11200000",
            "interestIncome": "1900000",
            "interestExpense": "11200000",
            "nonInterestIncome": "137400000",
            "otherNonOperatingIncome": "200000",
            "depreciation": "None",
            "depreciationAndAmortization": "200000",
            "incomeBeforeTax": "-111900000",
            "incomeTaxExpense": "-3000000",
            "interestAndDebtExpense": "11200000",
            "netIncomeFromContinuingOperations": "-66500000",
            "comprehensiveIncomeNetOfTax": "-120900000",
            "ebit": "-100700000",
            "ebitda": "-100500000",
            "netIncome": "-108900000"
        },
        {
            "fiscalDateEnding": "2020-12-31",
            "reportedCurrency": "USD",
            "grossProfit": "41300000",
            "totalRevenue": "117300000",
            "costOfRevenue": "134000000",
            "costofGoodsAndServicesSold": "85700000",
            "operatingIncome": "-57600000",
            "sellingGeneralAndAdministrative": "46800000",
            "researchAndDevelopment": "45500000",
            "operatingExpenses": "93800000",
            "investmentIncomeNet": "2200000",
            "netInterestIncome": "-11900000",
            "interestIncome": "2200000",
            "interestExpense": "11900000",
            "nonInterestIncome": "129200000",
            "otherNonOperatingIncome": "0",
            "depreciation": "None",
            "depreciationAndAmortization": "200000",
            "incomeBeforeTax": "-83200000",
            "incomeTaxExpense": "-200000",
            "interestAndDebtExpense": "11900000",
            "netIncomeFromContinuingOperations": "-54300000",
            "comprehensiveIncomeNetOfTax": "-83500000",
            "ebit": "-71300000",
            "ebitda": "-71100000",
            "netIncome": "-83000000"
        },
        {
            "fiscalDateEnding": "2020-09-30",
            "reportedCurrency": "USD",
            "grossProfit": "35500000",
            "totalRevenue": "203300000",
            "costOfRevenue": "325200000",
            "costofGoodsAndServicesSold": "80000000",
            "operatingIncome": "-62200000",
            "sellingGeneralAndAdministrative": "44000000",
            "researchAndDevelopment": "41200000",
            "operatingExpenses": "212400000",
            "investmentIncomeNet": "2700000",
            "netInterestIncome": "-13100000",
            "interestIncome": "2700000",
            "interestExpense": "13100000",
            "nonInterestIncome": "216400000",
            "otherNonOperatingIncome": "-300000",
            "depreciation": "None",
            "depreciationAndAmortization": "200000",
            "incomeBeforeTax": "-185200000",
            "incomeTaxExpense": "-800000",
            "interestAndDebtExpense": "13100000",
            "netIncomeFromContinuingOperations": "-75300000",
            "comprehensiveIncomeNetOfTax": "-184400000",
            "ebit": "-172100000",
            "ebitda": "-171900000",
            "netIncome": "-184400000"
        },
        {
            "fiscalDateEnding": "2020-06-30",
            "reportedCurrency": "USD",
            "grossProfit": "29100000",
            "totalRevenue": "205700000",
            "costOfRevenue": "154900000",
            "costofGoodsAndServicesSold": "79300000",
            "operatingIncome": "-70500000",
            "sellingGeneralAndAdministrative": "46000000",
            "researchAndDevelopment": "39500000",
            "operatingExpenses": "104400000",
            "investmentIncomeNet": "2900000",
            "netInterestIncome": "-12300000",
            "interestIncome": "None",
            "interestExpense": "12300000",
            "nonInterestIncome": "205700000",
            "otherNonOperatingIncome": "2100000",
            "depreciation": "None",
            "depreciationAndAmortization": "500000",
            "incomeBeforeTax": "-39200000",
            "incomeTaxExpense": "300000",
            "interestAndDebtExpense": "1300000",
            "netIncomeFromContinuingOperations": "-44200000",
            "comprehensiveIncomeNetOfTax": "-31300000",
            "ebit": "-26900000",
            "ebitda": "-26400000",
            "netIncome": "-39500000"
        },
        {
            "fiscalDateEnding": "2020-03-31",
            "reportedCurrency": "USD",
            "grossProfit": "41300000",
            "totalRevenue": "207700000",
            "costOfRevenue": "205100000",
            "costofGoodsAndServicesSold": "72600000",
            "operatingIncome": "-48000000",
            "sellingGeneralAndAdministrative": "41700000",
            "researchAndDevelopment": "38600000",
            "operatingExpenses": "89700000",
            "investmentIncomeNet": "3100000",
            "netInterestIncome": "-7500000",
            "interestIncome": "None",
            "interestExpense": "7500000",
            "nonInterestIncome": "215200000",
            "otherNonOperatingIncome": "100000",
            "depreciation": "None",
            "depreciationAndAmortization": "200000",
            "incomeBeforeTax": "-66600000",
            "incomeTaxExpense": "-6500000",
            "interestAndDebtExpense": "7500000",
            "netIncomeFromContinuingOperations": "-56200000",
            "comprehensiveIncomeNetOfTax": "-62000000",
            "ebit": "-59100000",
            "ebitda": "-58900000",
            "netIncome": "-60100000"
        },
        {
            "fiscalDateEnding": "2019-12-31",
            "reportedCurrency": "USD",
            "grossProfit": "35600000",
            "totalRevenue": "241100000",
            "costOfRevenue": "232000000",
            "costofGoodsAndServicesSold": "85100000",
            "operatingIncome": "-63400000",
            "sellingGeneralAndAdministrative": "45000000",
            "researchAndDevelopment": "38700000",
            "operatingExpenses": "101300000",
            "investmentIncomeNet": "4700000",
            "netInterestIncome": "-7700000",
            "interestIncome": "None",
            "interestExpense": "7700000",
            "nonInterestIncome": "241100000",
            "otherNonOperatingIncome": "200000",
            "depreciation": "None",
            "depreciationAndAmortization": "30700000",
            "incomeBeforeTax": "-54800000",
            "incomeTaxExpense": "-500000",
            "interestAndDebtExpense": "7700000",
            "netIncomeFromContinuingOperations": "-57900000",
            "comprehensiveIncomeNetOfTax": "-54600000",
            "ebit": "-47100000",
            "ebitda": "-20900000",
            "netIncome": "-54300000"
        },
        {
            "fiscalDateEnding": "2019-09-30",
            "reportedCurrency": "USD",
            "grossProfit": "52500000",
            "totalRevenue": "241700000",
            "costOfRevenue": "228200000",
            "costofGoodsAndServicesSold": "75200000",
            "operatingIncome": "-38900000",
            "sellingGeneralAndAdministrative": "57600000",
            "researchAndDevelopment": "43700000",
            "operatingExpenses": "104300000",
            "investmentIncomeNet": "-1900000",
            "netInterestIncome": "-7400000",
            "interestIncome": "None",
            "interestExpense": "7400000",
            "nonInterestIncome": "241700000",
            "otherNonOperatingIncome": "100000",
            "depreciation": "None",
            "depreciationAndAmortization": "28600000",
            "incomeBeforeTax": "-37300000",
            "incomeTaxExpense": "500000",
            "interestAndDebtExpense": "7400000",
            "netIncomeFromContinuingOperations": "-39300000",
            "comprehensiveIncomeNetOfTax": "-37300000",
            "ebit": "-29900000",
            "ebitda": "-8700000",
            "netIncome": "-37800000"
        },
        {
            "fiscalDateEnding": "2019-06-30",
            "reportedCurrency": "USD",
            "grossProfit": "88700000",
            "totalRevenue": "251200000",
            "costOfRevenue": "162500000",
            "costofGoodsAndServicesSold": "162500000",
            "operatingIncome": "-103200000",
            "sellingGeneralAndAdministrative": "25200000",
            "researchAndDevelopment": "3900000",
            "operatingExpenses": "258703000",
            "investmentIncomeNet": "-2237000",
            "netInterestIncome": "-10378000",
            "interestIncome": "-3178000",
            "interestExpense": "7200000",
            "nonInterestIncome": "251200000",
            "otherNonOperatingIncome": "600000",
            "depreciation": "None",
            "depreciationAndAmortization": "6400000",
            "incomeBeforeTax": "-147400000",
            "incomeTaxExpense": "-13700000",
            "interestAndDebtExpense": "10378000",
            "netIncomeFromContinuingOperations": "-34600000",
            "comprehensiveIncomeNetOfTax": "-126800000",
            "ebit": "-140200000",
            "ebitda": "-133800000",
            "netIncome": "-133700000"
        },
        {
            "fiscalDateEnding": "2019-03-31",
            "reportedCurrency": "USD",
            "grossProfit": "100500000",
            "totalRevenue": "266689000",
            "costOfRevenue": "439222000",
            "costofGoodsAndServicesSold": "173600000",
            "operatingIncome": "-11100000",
            "sellingGeneralAndAdministrative": "50600000",
            "researchAndDevelopment": "40700000",
            "operatingExpenses": "111540000",
            "investmentIncomeNet": "-3731000",
            "netInterestIncome": "-6748000",
            "interestIncome": "652000",
            "interestExpense": "7400000",
            "nonInterestIncome": "273437000",
            "otherNonOperatingIncome": "-300000",
            "depreciation": "None",
            "depreciationAndAmortization": "6400000",
            "incomeBeforeTax": "-225000000",
            "incomeTaxExpense": "2800000",
            "interestAndDebtExpense": "6748000",
            "netIncomeFromContinuingOperations": "-22300000",
            "comprehensiveIncomeNetOfTax": "-226100000",
            "ebit": "-217600000",
            "ebitda": "-211200000",
            "netIncome": "-227800000"
        },
        {
            "fiscalDateEnding": "2018-12-31",
            "reportedCurrency": "USD",
            "grossProfit": "103500000",
            "totalRevenue": "406216000",
            "costOfRevenue": "359526000",
            "costofGoodsAndServicesSold": "177000000",
            "operatingIncome": "10000000",
            "sellingGeneralAndAdministrative": "49200000",
            "researchAndDevelopment": "40200000",
            "operatingExpenses": "127824000",
            "investmentIncomeNet": "-3671000",
            "netInterestIncome": "-6669000",
            "interestIncome": "None",
            "interestExpense": "6669000",
            "nonInterestIncome": "412885000",
            "otherNonOperatingIncome": "0",
            "depreciation": "None",
            "depreciationAndAmortization": "9600000",
            "incomeBeforeTax": "2100000",
            "incomeTaxExpense": "4600000",
            "interestAndDebtExpense": "6669000",
            "netIncomeFromContinuingOperations": "-200000",
            "comprehensiveIncomeNetOfTax": "-2300000",
            "ebit": "10000000",
            "ebitda": "18369000",
            "netIncome": "-2500000"
        },
        {
            "fiscalDateEnding": "2018-09-23",
            "reportedCurrency": "USD",
            "grossProfit": "98300000",
            "totalRevenue": "404971000",
            "costOfRevenue": "364489000",
            "costofGoodsAndServicesSold": "175900000",
            "operatingIncome": "10800000",
            "sellingGeneralAndAdministrative": "43900000",
            "researchAndDevelopment": "36300000",
            "operatingExpenses": "127643000",
            "investmentIncomeNet": "-2400000",
            "netInterestIncome": "-2205000",
            "interestIncome": "None",
            "interestExpense": "2205000",
            "nonInterestIncome": "407176000",
            "otherNonOperatingIncome": "0",
            "depreciation": "None",
            "depreciationAndAmortization": "11700000",
            "incomeBeforeTax": "-9200000",
            "incomeTaxExpense": "1900000",
            "interestAndDebtExpense": "2205000",
            "netIncomeFromContinuingOperations": "-800000",
            "comprehensiveIncomeNetOfTax": "-11100000",
            "ebit": "10800000",
            "ebitda": "4705000",
            "netIncome": "-11100000"
        },
        {
            "fiscalDateEnding": "2018-06-30",
            "reportedCurrency": "USD",
            "grossProfit": "87600000",
            "totalRevenue": "409454000",
            "costOfRevenue": "293803000",
            "costofGoodsAndServicesSold": "178200000",
            "operatingIncome": "-7839000",
            "sellingGeneralAndAdministrative": "41557000",
            "researchAndDevelopment": "32116000",
            "operatingExpenses": "502638000",
            "investmentIncomeNet": "-1554000",
            "netInterestIncome": "None",
            "interestIncome": "None",
            "interestExpense": "None",
            "nonInterestIncome": "265800000",
            "otherNonOperatingIncome": "23000",
            "depreciation": "None",
            "depreciationAndAmortization": "12900000",
            "incomeBeforeTax": "-16867000",
            "incomeTaxExpense": "16433000",
            "interestAndDebtExpense": "None",
            "netIncomeFromContinuingOperations": "-28900000",
            "comprehensiveIncomeNetOfTax": "-34625000",
            "ebit": "-7839000",
            "ebitda": "5061000",
            "netIncome": "-33300000"
        }
    ]
}